timestamp,Bybit_ETHUSDC_bid,Bybit_ETHUSDC_ask,Deribit_ETHPERPETUAL_bid,Deribit_ETHPERPETUAL_ask,Bitget_ETHPERPCMCBL_bid,Bitget_ETHPERPCMCBL_ask
2023-07-30 15:25:46,1882.01,1882.2,1883.05,1883.1,1881.41,1881.64
2023-07-30 15:25:52,1882.05,1882.29,1883.05,1883.1,1881.76,1881.82
2023-07-30 15:25:57,1882.04,1882.31,1883.05,1883.1,1881.76,1881.82
2023-07-30 15:26:03,1882.24,1882.39,1883.0,1883.05,1881.76,1881.82
2023-07-30 15:26:09,1882.21,1882.33,1883.0,1883.05,1881.76,1881.82
2023-07-30 15:26:15,1882.09,1882.26,1883.0,1883.05,1881.76,1881.82
2023-07-30 15:26:20,1882.25,1882.39,1883.0,1883.05,1881.8,1881.86
2023-07-30 15:26:26,1882.18,1882.33,1883.0,1883.05,1881.8,1881.86
2023-07-30 15:26:32,1881.73,1881.86,1883.0,1883.05,1881.76,1881.82
2023-07-30 15:26:37,1881.48,1881.71,1883.0,1883.05,1881.76,1881.82
2023-07-30 15:26:43,1881.61,1881.79,1882.9,1882.95,1881.76,1881.82
2023-07-30 15:26:49,1881.67,1881.79,1882.9,1882.95,1881.76,1881.82
2023-07-30 15:26:54,1881.71,1881.87,1882.9,1882.95,1881.76,1881.82
2023-07-30 15:27:00,1881.67,1881.82,1882.9,1882.95,1881.76,1881.82
2023-07-30 15:27:06,1881.77,1881.87,1882.9,1882.95,1881.76,1881.82
2023-07-30 15:27:12,1881.72,1881.87,1882.9,1882.95,1881.76,1881.82
2023-07-30 15:27:17,1881.72,1881.85,1882.9,1882.95,1881.76,1881.82
2023-07-30 15:27:23,1881.82,1881.89,1882.9,1882.95,1881.76,1881.82
2023-07-30 15:27:29,1881.94,1882.07,1882.85,1882.9,1881.76,1881.82
2023-07-30 15:27:34,1881.91,1882.04,1882.85,1882.9,1881.76,1881.82
2023-07-30 15:27:40,1881.89,1882.07,1882.85,1882.9,1881.79,1881.85
2023-07-30 15:27:46,1881.74,1881.86,1882.85,1882.9,1881.79,1881.85
2023-07-30 15:27:52,1881.83,1881.92,1882.85,1882.9,1881.79,1881.85
2023-07-30 15:27:57,1881.96,1881.99,1882.85,1882.9,1881.79,1881.85
2023-07-30 15:28:03,1881.9,1881.99,1882.85,1882.9,1881.79,1881.85
2023-07-30 15:28:09,1881.87,1882.02,1882.75,1882.8,1881.79,1881.85
2023-07-30 15:28:14,1881.85,1882.03,1882.75,1882.8,1881.79,1881.85
2023-07-30 15:28:20,1881.94,1882.09,1882.75,1882.8,1881.79,1881.85
2023-07-30 15:28:26,1881.85,1881.99,1882.7,1882.75,1881.79,1881.85
2023-07-30 15:28:32,1881.88,1882.0,1882.7,1882.75,1881.79,1881.85
2023-07-30 15:28:37,1881.93,1882.03,1882.65,1882.7,1881.79,1881.85
2023-07-30 15:28:43,1881.86,1882.03,1882.65,1882.7,1881.79,1881.85
2023-07-30 15:28:49,1881.81,1881.95,1882.65,1882.7,1881.79,1881.85
2023-07-30 15:28:54,1881.67,1881.83,1882.65,1882.7,1881.79,1881.85
2023-07-30 15:29:00,1881.74,1881.94,1882.65,1882.7,1881.79,1881.85
2023-07-30 15:29:06,1881.77,1881.9,1882.65,1882.7,1881.79,1881.85
2023-07-30 15:29:11,1881.78,1881.9,1882.65,1882.7,1881.79,1881.85
2023-07-30 15:29:17,1881.78,1881.91,1882.65,1882.7,1881.79,1881.85
2023-07-30 15:29:23,1881.75,1881.8,1882.65,1882.7,1881.79,1881.85
2023-07-30 15:29:29,1881.53,1881.78,1882.65,1882.7,1881.79,1881.85
2023-07-30 15:29:34,1881.01,1881.25,1882.25,1882.3,1880.92,1881.4
2023-07-30 15:29:40,1881.07,1881.22,1882.25,1882.3,1880.87,1880.93
2023-07-30 15:29:46,1880.99,1881.14,1882.25,1882.3,1880.87,1880.93
2023-07-30 15:29:51,1881.03,1881.17,1882.25,1882.3,1880.87,1880.93
2023-07-30 15:29:57,1881.06,1881.19,1882.25,1882.3,1880.87,1880.93
2023-07-30 15:30:03,1881.53,1881.69,1882.65,1882.7,1880.87,1881.12
2023-07-30 15:30:09,1881.6,1881.74,1882.65,1882.7,1880.87,1881.12
2023-07-30 15:30:14,1881.77,1881.89,1882.7,1882.75,1881.79,1881.85
2023-07-30 15:30:20,1881.63,1881.79,1882.7,1882.75,1881.79,1881.85
2023-07-30 15:30:26,1881.81,1881.95,1882.7,1882.75,1881.79,1881.85
2023-07-30 15:30:31,1881.79,1881.94,1882.7,1882.75,1881.79,1881.85
2023-07-30 15:30:37,1881.67,1881.81,1882.7,1882.75,1881.79,1881.85
2023-07-30 15:30:43,1881.73,1881.9,1882.7,1882.75,1881.79,1881.85
2023-07-30 15:30:49,1881.75,1881.93,1882.7,1882.75,1881.79,1881.85
2023-07-30 15:30:54,1881.89,1882.01,1882.7,1882.75,1881.79,1881.85
2023-07-30 15:31:00,1881.82,1881.93,1882.7,1882.75,1881.79,1881.85
2023-07-30 15:31:06,1881.95,1882.04,1882.7,1882.75,1881.79,1881.85
2023-07-30 15:31:11,1881.93,1882.08,1882.7,1882.75,1881.79,1881.85
2023-07-30 15:31:17,1881.69,1881.86,1882.7,1882.75,1881.79,1881.85
2023-07-30 15:31:23,1881.62,1881.79,1882.7,1882.75,1881.79,1881.85
2023-07-30 15:31:29,1882.0,1882.12,1882.7,1882.75,1881.79,1881.85
2023-07-30 15:31:34,1882.0,1882.16,1882.7,1882.75,1881.79,1881.85
2023-07-30 15:31:40,1881.98,1882.12,1882.7,1882.75,1881.79,1881.85
2023-07-30 15:31:46,1881.7,1881.74,1882.7,1882.75,1881.79,1881.85
2023-07-30 15:31:51,1881.61,1881.71,1882.7,1882.75,1881.79,1881.85
2023-07-30 15:31:57,1881.81,1881.97,1882.7,1882.75,1881.79,1881.85
2023-07-30 15:32:03,1881.76,1881.88,1882.7,1882.75,1881.79,1881.85
2023-07-30 15:32:08,1881.74,1881.93,1882.7,1882.75,1881.79,1881.85
2023-07-30 15:32:14,1881.66,1881.79,1882.7,1882.75,1881.79,1881.85
2023-07-30 15:32:20,1881.86,1881.99,1882.7,1882.75,1881.79,1881.85
2023-07-30 15:32:26,1881.81,1881.99,1882.7,1882.75,1881.79,1881.85
2023-07-30 15:32:31,1881.84,1882.04,1882.7,1882.75,1881.79,1881.85
2023-07-30 15:32:37,1881.83,1882.04,1882.7,1882.75,1881.79,1881.85
2023-07-30 15:32:43,1881.75,1881.92,1882.7,1882.75,1881.79,1881.85
2023-07-30 15:32:48,1881.54,1881.67,1882.7,1882.75,1881.79,1881.85
2023-07-30 15:32:54,1881.51,1881.67,1882.7,1882.75,1881.79,1881.85
2023-07-30 15:33:00,1881.37,1881.46,1882.7,1882.75,1881.79,1881.85
2023-07-30 15:33:05,1881.21,1881.33,1882.7,1882.75,1881.79,1881.85
2023-07-30 15:33:11,1881.1,1881.25,1882.7,1882.75,1881.79,1881.85
2023-07-30 15:33:17,1880.81,1881.01,1882.3,1882.35,1880.96,1881.02
2023-07-30 15:33:22,1880.81,1880.99,1882.3,1882.35,1880.96,1881.02
2023-07-30 15:33:28,1880.68,1880.84,1882.3,1882.35,1880.96,1881.02
2023-07-30 15:33:34,1881.15,1881.34,1882.2,1882.25,1880.96,1881.02
2023-07-30 15:33:40,1880.89,1881.09,1882.2,1882.25,1880.96,1881.02
2023-07-30 15:33:45,1880.92,1881.09,1882.2,1882.25,1880.96,1881.02
2023-07-30 15:33:51,1880.53,1880.66,1882.0,1882.05,1880.96,1881.02
2023-07-30 15:33:57,1880.74,1880.89,1882.0,1882.05,1880.96,1881.02
2023-07-30 15:34:02,1880.56,1880.68,1882.0,1882.05,1880.61,1880.84
2023-07-30 15:34:08,1880.67,1880.82,1882.0,1882.05,1880.61,1880.67
2023-07-30 15:34:14,1880.87,1881.08,1882.2,1882.25,1880.61,1880.67
2023-07-30 15:34:20,1880.98,1881.11,1882.2,1882.25,1880.61,1880.67
2023-07-30 15:34:25,1880.89,1881.03,1882.2,1882.25,1880.61,1880.67
2023-07-30 15:34:31,1880.52,1880.75,1882.2,1882.25,1880.61,1880.67
2023-07-30 15:34:37,1880.42,1880.61,1882.2,1882.25,1880.3,1880.49
2023-07-30 15:34:42,1880.9,1881.03,1882.2,1882.25,1880.41,1880.66
2023-07-30 15:34:48,1880.64,1880.77,1882.2,1882.25,1880.45,1880.67
2023-07-30 15:34:54,1880.54,1880.73,1882.2,1882.25,1880.45,1880.67
2023-07-30 15:35:00,1880.56,1880.75,1882.2,1882.25,1880.45,1880.67
2023-07-30 15:35:05,1880.53,1880.71,1882.2,1882.25,1880.45,1880.67
2023-07-30 15:35:11,1880.48,1880.59,1882.2,1882.25,1880.45,1880.67
2023-07-30 15:35:17,1880.67,1880.89,1882.2,1882.25,1880.45,1880.67
2023-07-30 15:35:22,1880.58,1880.71,1882.2,1882.25,1880.45,1880.66
2023-07-30 15:35:28,1880.46,1880.65,1882.2,1882.25,1880.45,1880.56
2023-07-30 15:35:34,1880.42,1880.65,1882.2,1882.25,1880.45,1880.56
2023-07-30 15:35:40,1880.41,1880.59,1882.2,1882.25,1880.45,1880.51
2023-07-30 15:35:45,1880.41,1880.59,1882.2,1882.25,1880.45,1880.51
2023-07-30 15:35:51,1880.33,1880.51,1882.2,1882.25,1880.45,1880.51
2023-07-30 15:35:57,1880.33,1880.47,1882.2,1882.25,1880.45,1880.51
2023-07-30 15:36:02,1880.74,1880.87,1882.2,1882.25,1880.45,1880.51
2023-07-30 15:36:08,1880.84,1880.99,1882.2,1882.25,1880.51,1880.7
2023-07-30 15:36:14,1880.69,1880.81,1882.2,1882.25,1880.78,1880.84
2023-07-30 15:36:19,1880.63,1880.78,1882.2,1882.25,1880.78,1880.84
2023-07-30 15:36:25,1880.81,1880.94,1882.2,1882.25,1880.78,1880.84
2023-07-30 15:36:31,1880.75,1880.89,1882.2,1882.25,1880.78,1880.84
2023-07-30 15:36:37,1880.93,1881.07,1882.2,1882.25,1880.78,1880.84
2023-07-30 15:36:42,1880.87,1881.05,1882.2,1882.25,1880.78,1880.84
2023-07-30 15:36:48,1880.87,1881.05,1882.2,1882.25,1880.78,1880.84
2023-07-30 15:36:54,1880.87,1881.05,1882.2,1882.25,1880.78,1880.84
2023-07-30 15:36:59,1880.81,1880.99,1882.2,1882.25,1880.78,1880.84
2023-07-30 15:37:05,1881.0,1881.13,1882.2,1882.25,1880.78,1880.84
2023-07-30 15:37:11,1881.01,1881.17,1882.2,1882.25,1880.78,1880.84
2023-07-30 15:37:17,1880.81,1880.95,1882.2,1882.25,1880.78,1880.84
2023-07-30 15:37:23,1880.81,1880.95,1882.2,1882.25,1880.78,1880.84
2023-07-30 15:37:28,1880.85,1880.99,1882.2,1882.25,1880.78,1880.84
2023-07-30 15:37:34,1880.83,1880.95,1882.2,1882.25,1880.78,1880.84
2023-07-30 15:37:40,1880.65,1880.77,1882.2,1882.25,1880.78,1880.84
2023-07-30 15:37:45,1880.83,1880.96,1882.2,1882.25,1880.78,1880.84
2023-07-30 15:37:51,1880.9,1881.0,1882.2,1882.25,1880.78,1880.84
2023-07-30 15:37:57,1880.96,1881.09,1882.2,1882.25,1880.78,1880.84
2023-07-30 15:38:02,1881.25,1881.39,1882.2,1882.25,1880.78,1880.84
2023-07-30 15:38:08,1881.25,1881.39,1882.2,1882.25,1880.78,1880.84
2023-07-30 15:38:14,1881.27,1881.39,1882.2,1882.25,1880.78,1880.84
2023-07-30 15:38:20,1881.48,1881.62,1882.35,1882.4,1880.78,1880.84
2023-07-30 15:38:25,1881.53,1881.68,1882.35,1882.4,1880.78,1880.84
2023-07-30 15:38:31,1881.77,1881.92,1882.7,1882.75,1880.78,1880.84
2023-07-30 15:38:37,1881.8,1881.99,1882.7,1882.75,1881.64,1881.85
2023-07-30 15:38:42,1881.89,1882.05,1882.7,1882.75,1881.78,1881.85
2023-07-30 15:38:48,1881.89,1882.05,1882.7,1882.75,1881.79,1881.85
2023-07-30 15:38:54,1881.89,1882.1,1882.7,1882.75,1881.79,1881.85
2023-07-30 15:38:59,1881.89,1882.16,1882.7,1882.75,1881.79,1881.85
2023-07-30 15:39:05,1881.63,1881.78,1882.7,1882.75,1881.79,1881.85
2023-07-30 15:39:11,1881.83,1881.89,1882.7,1882.75,1881.79,1881.85
2023-07-30 15:39:17,1881.87,1882.18,1882.7,1882.75,1881.79,1881.85
2023-07-30 15:39:22,1881.8,1881.99,1882.7,1882.75,1881.79,1881.85
2023-07-30 15:39:28,1881.57,1881.79,1882.7,1882.75,1881.79,1881.85
2023-07-30 15:39:34,1881.64,1881.79,1882.7,1882.75,1881.79,1881.85
2023-07-30 15:39:39,1881.79,1882.0,1882.7,1882.75,1881.79,1881.85
2023-07-30 15:39:45,1881.79,1881.99,1882.7,1882.75,1881.79,1881.85
2023-07-30 15:39:51,1881.74,1881.99,1882.7,1882.75,1881.79,1881.85
2023-07-30 15:39:57,1881.81,1881.99,1882.7,1882.75,1881.79,1881.85
2023-07-30 15:40:02,1881.83,1882.06,1882.7,1882.75,1881.79,1881.85
2023-07-30 15:40:08,1881.85,1882.07,1882.7,1882.75,1881.79,1881.85
2023-07-30 15:40:14,1881.82,1882.05,1882.7,1882.75,1881.79,1881.85
2023-07-30 15:40:19,1881.71,1881.89,1882.7,1882.75,1881.79,1881.85
2023-07-30 15:40:25,1881.74,1881.94,1882.7,1882.75,1881.79,1881.85
2023-07-30 15:40:31,1881.73,1881.88,1882.7,1882.75,1881.79,1881.85
2023-07-30 15:40:37,1881.43,1881.57,1882.7,1882.75,1881.24,1881.56
2023-07-30 15:40:42,1881.35,1881.52,1882.7,1882.75,1881.24,1881.3
2023-07-30 15:40:48,1881.36,1881.52,1882.7,1882.75,1881.24,1881.3
2023-07-30 15:40:54,1881.34,1881.52,1882.7,1882.75,1881.24,1881.3
2023-07-30 15:40:59,1881.35,1881.5,1882.7,1882.75,1881.24,1881.3
2023-07-30 15:41:05,1881.34,1881.5,1882.7,1882.75,1881.24,1881.3
2023-07-30 15:41:11,1881.34,1881.5,1882.7,1882.75,1881.24,1881.3
2023-07-30 15:41:16,1881.34,1881.5,1882.7,1882.75,1881.24,1881.3
2023-07-30 15:41:22,1881.34,1881.4,1882.7,1882.75,1881.24,1881.3
2023-07-30 15:41:28,1881.3,1881.37,1882.7,1882.75,1881.24,1881.3
2023-07-30 15:41:34,1881.16,1881.29,1882.7,1882.75,1881.04,1881.11
2023-07-30 15:41:39,1881.15,1881.27,1882.7,1882.75,1881.04,1881.1
2023-07-30 15:41:45,1881.13,1881.29,1882.7,1882.75,1881.04,1881.1
2023-07-30 15:41:51,1880.9,1881.02,1882.5,1882.55,1880.81,1880.87
2023-07-30 15:41:56,1880.87,1880.98,1882.05,1882.1,1880.55,1880.61
2023-07-30 15:42:02,1880.81,1880.94,1882.0,1882.05,1880.55,1880.61
2023-07-30 15:42:08,1880.78,1880.91,1882.0,1882.05,1880.55,1880.61
2023-07-30 15:42:14,1880.7,1880.83,1882.0,1882.05,1880.55,1880.61
2023-07-30 15:42:19,1880.69,1880.78,1882.0,1882.05,1880.51,1880.57
2023-07-30 15:42:25,1880.5,1880.6,1882.0,1882.05,1880.32,1880.38
2023-07-30 15:42:31,1880.32,1880.51,1882.0,1882.05,1880.16,1880.22
2023-07-30 15:42:36,1880.21,1880.37,1882.0,1882.05,1879.97,1880.03
2023-07-30 15:42:42,1880.15,1880.3,1881.6,1881.65,1879.97,1880.03
2023-07-30 15:42:48,1880.45,1880.59,1881.6,1881.65,1879.97,1880.03
2023-07-30 15:42:54,1880.49,1880.59,1881.6,1881.65,1879.97,1880.03
2023-07-30 15:42:59,1880.37,1880.56,1881.6,1881.65,1879.97,1880.03
2023-07-30 15:43:05,1880.32,1880.49,1881.6,1881.65,1879.97,1880.03
2023-07-30 15:43:11,1880.43,1880.58,1881.6,1881.65,1879.97,1880.03
2023-07-30 15:43:16,1880.48,1880.59,1881.6,1881.65,1879.97,1880.03
2023-07-30 15:43:22,1880.44,1880.58,1881.6,1881.65,1879.97,1880.03
2023-07-30 15:43:28,1880.46,1880.6,1881.6,1881.65,1879.97,1880.03
2023-07-30 15:43:34,1880.6,1880.72,1881.6,1881.65,1879.97,1880.03
2023-07-30 15:43:39,1880.64,1880.77,1881.6,1881.65,1879.97,1880.03
2023-07-30 15:43:45,1880.46,1880.58,1881.6,1881.65,1879.97,1880.03
2023-07-30 15:43:51,1880.43,1880.59,1881.6,1881.65,1879.97,1880.03
2023-07-30 15:43:56,1880.53,1880.7,1881.6,1881.65,1879.97,1880.03
2023-07-30 15:44:02,1880.42,1880.57,1881.6,1881.65,1879.97,1880.03
2023-07-30 15:44:08,1880.47,1880.6,1881.6,1881.65,1879.97,1880.03
2023-07-30 15:44:14,1880.41,1880.59,1881.6,1881.65,1879.97,1880.03
2023-07-30 15:44:19,1880.29,1880.43,1881.6,1881.65,1879.97,1880.03
2023-07-30 15:44:25,1880.27,1880.41,1881.6,1881.65,1879.97,1880.03
2023-07-30 15:44:31,1880.24,1880.39,1881.6,1881.65,1879.97,1880.03
2023-07-30 15:44:36,1880.23,1880.39,1881.6,1881.65,1879.97,1880.03
2023-07-30 15:44:42,1880.23,1880.39,1881.6,1881.65,1879.97,1880.03
2023-07-30 15:44:48,1880.51,1880.63,1881.6,1881.65,1879.97,1880.03
2023-07-30 15:44:54,1880.52,1880.68,1881.6,1881.65,1879.97,1880.03
2023-07-30 15:44:59,1880.46,1880.59,1881.6,1881.65,1879.97,1880.03
2023-07-30 15:45:05,1880.47,1880.59,1881.6,1881.65,1879.97,1880.03
2023-07-30 15:45:11,1880.44,1880.55,1881.6,1881.65,1879.97,1880.03
2023-07-30 15:45:16,1880.42,1880.58,1881.6,1881.65,1879.97,1880.03
2023-07-30 15:45:22,1880.53,1880.74,1881.6,1881.65,1879.97,1880.03
2023-07-30 15:45:28,1880.66,1880.79,1881.6,1881.65,1879.97,1880.03
2023-07-30 15:45:33,1880.67,1880.8,1881.6,1881.65,1879.97,1880.03
2023-07-30 15:45:39,1880.65,1880.8,1881.6,1881.65,1879.97,1880.03
2023-07-30 15:45:45,1880.7,1880.83,1881.6,1881.65,1879.97,1880.03
2023-07-30 15:45:51,1880.73,1880.88,1881.6,1881.65,1879.97,1880.03
2023-07-30 15:45:56,1880.73,1880.88,1881.6,1881.65,1879.97,1880.03
2023-07-30 15:46:02,1880.79,1880.92,1881.6,1881.65,1879.97,1880.03
2023-07-30 15:46:08,1880.67,1880.83,1881.6,1881.65,1879.97,1880.03
2023-07-30 15:46:13,1880.56,1880.77,1881.6,1881.65,1879.97,1880.03
2023-07-30 15:46:19,1880.59,1880.77,1881.6,1881.65,1879.97,1880.03
2023-07-30 15:46:25,1880.64,1880.77,1881.6,1881.65,1879.97,1880.03
2023-07-30 15:46:30,1880.6,1880.67,1881.6,1881.65,1879.97,1880.03
2023-07-30 15:46:36,1880.41,1880.53,1881.6,1881.65,1879.97,1880.03
2023-07-30 15:46:42,1880.32,1880.43,1881.6,1881.65,1879.97,1880.03
2023-07-30 15:46:48,1880.34,1880.47,1881.6,1881.65,1879.97,1880.03
2023-07-30 15:46:53,1880.34,1880.47,1881.6,1881.65,1879.97,1880.03
2023-07-30 15:46:59,1880.33,1880.39,1881.6,1881.65,1879.97,1880.03
2023-07-30 15:47:05,1880.35,1880.47,1881.6,1881.65,1879.97,1880.03
2023-07-30 15:47:10,1879.99,1880.13,1881.6,1881.65,1879.73,1879.79
2023-07-30 15:47:16,1880.0,1880.13,1881.6,1881.65,1879.73,1879.79
2023-07-30 15:47:22,1879.85,1880.11,1881.0,1881.05,1879.18,1879.24
2023-07-30 15:47:27,1879.65,1879.78,1881.0,1881.05,1879.18,1879.24
2023-07-30 15:47:33,1879.69,1879.83,1881.0,1881.05,1879.18,1879.24
2023-07-30 15:47:39,1879.75,1879.85,1881.0,1881.05,1879.18,1879.24
2023-07-30 15:47:44,1879.51,1879.66,1881.0,1881.05,1879.18,1879.24
2023-07-30 15:47:50,1879.39,1879.53,1881.0,1881.05,1879.18,1879.24
2023-07-30 15:47:56,1879.27,1879.39,1881.0,1881.05,1879.18,1879.24
2023-07-30 15:48:01,1879.26,1879.39,1881.0,1881.05,1879.18,1879.24
2023-07-30 15:48:07,1879.38,1879.49,1881.0,1881.05,1879.18,1879.24
2023-07-30 15:48:13,1879.65,1879.79,1881.0,1881.05,1879.18,1879.24
2023-07-30 15:48:19,1879.63,1879.87,1881.0,1881.05,1879.18,1879.24
2023-07-30 15:48:24,1879.74,1879.88,1881.0,1881.05,1879.18,1879.24
2023-07-30 15:48:30,1879.51,1879.66,1881.0,1881.05,1879.18,1879.24
2023-07-30 15:48:36,1879.34,1879.5,1881.0,1881.05,1879.18,1879.24
2023-07-30 15:48:41,1879.29,1879.47,1881.0,1881.05,1879.18,1879.24
2023-07-30 15:48:47,1879.41,1879.52,1881.0,1881.05,1879.18,1879.24
2023-07-30 15:48:53,1879.21,1879.31,1881.0,1881.05,1879.18,1879.24
2023-07-30 15:48:58,1879.11,1879.19,1881.0,1881.05,1879.18,1879.24
2023-07-30 15:49:04,1879.18,1879.29,1881.0,1881.05,1879.18,1879.24
2023-07-30 15:49:10,1879.15,1879.27,1881.0,1881.05,1879.18,1879.24
2023-07-30 15:49:16,1879.03,1879.16,1880.6,1880.65,1879.18,1879.24
2023-07-30 15:49:21,1878.9,1878.99,1880.6,1880.65,1879.18,1879.24
2023-07-30 15:49:27,1879.01,1879.18,1880.6,1880.65,1879.18,1879.24
2023-07-30 15:49:33,1879.08,1879.26,1880.6,1880.65,1879.18,1879.24
2023-07-30 15:49:38,1879.0,1879.17,1880.6,1880.65,1879.18,1879.24
2023-07-30 15:49:44,1878.95,1879.15,1880.6,1880.65,1879.18,1879.24
2023-07-30 15:49:50,1878.65,1878.76,1880.2,1880.25,1879.18,1879.24
2023-07-30 15:49:55,1878.63,1878.73,1880.2,1880.25,1879.18,1879.24
2023-07-30 15:50:01,1878.81,1878.89,1880.2,1880.25,1879.18,1879.24
2023-07-30 15:50:07,1878.68,1878.86,1879.95,1880.0,1879.18,1879.24
2023-07-30 15:50:13,1878.65,1878.79,1879.95,1880.0,1879.18,1879.24
2023-07-30 15:50:18,1878.91,1879.12,1879.95,1880.0,1879.18,1879.24
2023-07-30 15:50:24,1878.86,1878.99,1879.95,1880.0,1879.18,1879.24
2023-07-30 15:50:30,1878.81,1878.91,1879.95,1880.0,1879.18,1879.24
2023-07-30 15:50:36,1878.69,1878.82,1879.95,1880.0,1879.18,1879.24
2023-07-30 15:50:41,1878.73,1878.88,1879.95,1880.0,1878.47,1878.53
2023-07-30 15:50:47,1878.57,1878.71,1879.95,1880.0,1878.47,1878.53
2023-07-30 15:50:53,1878.66,1878.79,1879.95,1880.0,1878.14,1878.2
2023-07-30 15:50:58,1878.64,1878.79,1879.95,1880.0,1878.14,1878.26
2023-07-30 15:51:04,1878.63,1878.75,1879.95,1880.0,1878.14,1878.26
2023-07-30 15:51:10,1878.81,1878.94,1879.95,1880.0,1878.14,1878.26
2023-07-30 15:51:16,1878.81,1878.95,1879.95,1880.0,1878.14,1878.26
2023-07-30 15:51:21,1878.82,1878.93,1879.95,1880.0,1878.14,1878.26
2023-07-30 15:51:27,1878.74,1878.9,1879.95,1880.0,1878.14,1878.2
2023-07-30 15:51:33,1878.63,1878.72,1879.95,1880.0,1878.14,1878.2
2023-07-30 15:51:38,1878.56,1878.72,1879.95,1880.0,1878.14,1878.2
2023-07-30 15:51:44,1878.57,1878.7,1879.95,1880.0,1878.14,1878.2
2023-07-30 15:51:50,1878.53,1878.68,1879.95,1880.0,1878.14,1878.2
2023-07-30 15:51:56,1878.52,1878.7,1879.95,1880.0,1878.14,1878.2
2023-07-30 15:52:01,1878.67,1878.79,1879.95,1880.0,1878.14,1878.2
2023-07-30 15:52:07,1878.45,1878.6,1879.95,1880.0,1878.14,1878.2
2023-07-30 15:52:13,1878.42,1878.59,1879.95,1880.0,1878.14,1878.2
2023-07-30 15:52:18,1878.44,1878.6,1879.95,1880.0,1878.14,1878.2
2023-07-30 15:52:24,1878.39,1878.53,1879.95,1880.0,1878.14,1878.2
2023-07-30 15:52:30,1878.42,1878.55,1879.95,1880.0,1878.14,1878.2
2023-07-30 15:52:35,1878.48,1878.59,1879.95,1880.0,1878.14,1878.2
2023-07-30 15:52:41,1878.59,1878.72,1879.95,1880.0,1878.14,1878.2
2023-07-30 15:52:47,1878.42,1878.51,1879.95,1880.0,1878.14,1878.2
2023-07-30 15:52:53,1878.53,1878.67,1879.95,1880.0,1878.14,1878.2
2023-07-30 15:52:58,1878.42,1878.58,1879.95,1880.0,1878.14,1878.2
2023-07-30 15:53:04,1878.33,1878.43,1879.95,1880.0,1878.14,1878.2
2023-07-30 15:53:10,1878.36,1878.44,1879.95,1880.0,1878.14,1878.2
2023-07-30 15:53:15,1878.35,1878.46,1879.95,1880.0,1878.14,1878.2
2023-07-30 15:53:21,1878.34,1878.42,1879.95,1880.0,1878.14,1878.2
2023-07-30 15:53:27,1878.33,1878.43,1879.95,1880.0,1878.14,1878.2
2023-07-30 15:53:33,1878.43,1878.52,1879.95,1880.0,1878.14,1878.2
2023-07-30 15:53:38,1877.38,1877.58,1878.7,1878.75,1877.46,1877.57
2023-07-30 15:53:44,1877.8,1877.9,1878.85,1878.9,1876.89,1876.95
2023-07-30 15:53:50,1877.33,1877.49,1878.85,1878.9,1876.89,1876.95
2023-07-30 15:53:55,1877.01,1877.2,1878.55,1878.6,1876.85,1876.91
2023-07-30 15:54:01,1877.03,1877.3,1877.75,1877.8,1876.16,1876.46
2023-07-30 15:54:07,1876.24,1876.4,1877.4,1877.45,1876.28,1876.46
2023-07-30 15:54:12,1876.2,1876.29,1877.4,1877.45,1875.94,1876.0
2023-07-30 15:54:18,1876.49,1876.71,1877.4,1877.45,1875.94,1876.0
2023-07-30 15:54:24,1876.55,1876.75,1877.4,1877.45,1875.94,1876.0
2023-07-30 15:54:30,1877.07,1877.28,1877.75,1877.8,1875.94,1876.0
2023-07-30 15:54:35,1877.21,1877.34,1878.25,1878.3,1876.09,1876.15
2023-07-30 15:54:41,1876.96,1877.09,1878.25,1878.3,1876.09,1876.15
2023-07-30 15:54:47,1876.4,1876.68,1878.0,1878.05,1875.95,1876.01
2023-07-30 15:54:52,1876.41,1876.6,1877.75,1877.8,1875.94,1876.0
2023-07-30 15:54:58,1876.33,1876.46,1877.75,1877.8,1875.45,1875.64
2023-07-30 15:55:04,1875.69,1875.92,1877.3,1877.35,1875.1,1875.26
2023-07-30 15:55:10,1875.0,1875.2,1876.55,1876.6,1874.4,1874.72
2023-07-30 15:55:15,1875.16,1875.24,1876.25,1876.3,1873.96,1874.21
2023-07-30 15:55:21,1876.05,1876.25,1876.9,1876.95,1874.95,1875.01
2023-07-30 15:55:27,1875.85,1875.97,1876.9,1876.95,1875.08,1875.96
2023-07-30 15:55:32,1875.67,1875.85,1876.9,1876.95,1875.08,1875.61
2023-07-30 15:55:38,1874.96,1875.1,1876.25,1876.3,1874.94,1875.31
2023-07-30 15:55:44,1874.61,1874.79,1876.0,1876.05,1874.66,1874.76
2023-07-30 15:55:49,1874.62,1874.9,1876.0,1876.05,1874.66,1874.76
2023-07-30 15:55:55,1874.69,1874.98,1876.0,1876.05,1874.35,1874.69
2023-07-30 15:56:01,1874.53,1874.75,1876.0,1876.05,1873.79,1873.99
2023-07-30 15:56:07,1874.29,1874.52,1876.0,1876.05,1873.79,1873.85
2023-07-30 15:56:12,1874.46,1874.68,1876.0,1876.05,1873.79,1873.85
2023-07-30 15:56:18,1874.45,1874.56,1876.0,1876.05,1873.79,1873.85
2023-07-30 15:56:24,1874.63,1874.8,1876.0,1876.05,1873.79,1873.85
2023-07-30 15:56:29,1874.84,1874.98,1876.0,1876.05,1873.79,1873.85
2023-07-30 15:56:35,1874.41,1874.49,1875.8,1875.85,1873.79,1873.85
2023-07-30 15:56:41,1874.51,1874.57,1875.8,1875.85,1873.79,1873.85
2023-07-30 15:56:46,1874.52,1874.57,1875.8,1875.85,1873.79,1873.85
2023-07-30 15:56:52,1874.94,1875.09,1875.8,1875.85,1873.79,1873.85
2023-07-30 15:56:58,1874.35,1874.49,1875.7,1875.75,1873.79,1873.85
2023-07-30 15:57:04,1874.48,1874.62,1875.7,1875.75,1873.79,1873.85
2023-07-30 15:57:09,1874.92,1875.15,1875.7,1875.75,1873.79,1873.85
2023-07-30 15:57:15,1875.41,1875.63,1876.05,1876.1,1873.94,1874.0
2023-07-30 15:57:21,1876.12,1876.24,1876.85,1876.9,1874.51,1875.78
2023-07-30 15:57:26,1876.45,1876.79,1877.65,1877.7,1874.9,1875.24
2023-07-30 15:57:32,1876.4,1876.6,1877.75,1877.8,1875.71,1876.5
2023-07-30 15:57:38,1876.81,1877.0,1877.8,1877.85,1875.77,1876.97
2023-07-30 15:57:44,1876.66,1876.79,1877.9,1877.95,1875.87,1876.94
2023-07-30 15:57:49,1876.61,1876.78,1877.9,1877.95,1875.87,1876.94
2023-07-30 15:57:55,1876.61,1876.78,1877.9,1877.95,1875.87,1875.93
2023-07-30 15:58:01,1876.66,1876.77,1877.9,1877.95,1875.87,1875.93
2023-07-30 15:58:07,1876.84,1877.1,1877.9,1877.95,1875.87,1875.93
2023-07-30 15:58:12,1877.01,1877.12,1877.9,1877.95,1875.87,1875.93
2023-07-30 15:58:18,1876.68,1876.82,1877.9,1877.95,1875.87,1875.93
2023-07-30 15:58:24,1876.81,1876.95,1877.9,1877.95,1875.87,1875.93
2023-07-30 15:58:30,1876.61,1876.76,1877.9,1877.95,1875.87,1875.93
2023-07-30 15:58:35,1876.21,1876.44,1877.55,1877.6,1875.65,1875.79
2023-07-30 15:58:41,1876.29,1876.43,1877.55,1877.6,1875.65,1875.71
2023-07-30 15:58:47,1876.31,1876.46,1877.55,1877.6,1875.65,1875.71
2023-07-30 15:58:52,1876.41,1876.6,1877.55,1877.6,1875.65,1875.71
2023-07-30 15:58:58,1876.36,1876.5,1877.55,1877.6,1875.65,1875.71
2023-07-30 15:59:04,1876.65,1876.78,1877.55,1877.6,1875.65,1875.71
2023-07-30 15:59:09,1876.51,1876.73,1877.55,1877.6,1875.65,1875.71
2023-07-30 15:59:15,1876.63,1876.75,1877.55,1877.6,1875.65,1875.71
2023-07-30 15:59:21,1876.7,1876.85,1877.55,1877.6,1875.65,1875.71
2023-07-30 15:59:26,1876.73,1876.91,1877.55,1877.6,1875.65,1875.71
2023-07-30 15:59:32,1876.76,1876.95,1877.55,1877.6,1875.65,1875.71
2023-07-30 15:59:38,1876.78,1876.97,1877.55,1877.6,1875.65,1875.71
2023-07-30 15:59:44,1876.41,1876.51,1877.55,1877.6,1875.65,1875.71
2023-07-30 15:59:49,1876.21,1876.36,1877.55,1877.6,1875.65,1875.71
2023-07-30 15:59:55,1876.1,1876.31,1877.55,1877.6,1875.61,1875.67
2023-07-30 16:00:01,1876.21,1876.37,1877.55,1877.6,1875.61,1875.67
2023-07-30 16:00:06,1876.61,1876.8,1877.55,1877.6,1875.61,1875.67
2023-07-30 16:00:12,1876.8,1876.88,1877.55,1877.6,1875.61,1875.67
2023-07-30 16:00:18,1877.01,1877.15,1877.55,1877.6,1875.92,1875.98
2023-07-30 16:00:24,1876.81,1877.01,1877.7,1877.75,1876.13,1876.19
2023-07-30 16:00:29,1876.81,1876.99,1877.75,1877.8,1876.13,1876.19
2023-07-30 16:00:35,1876.85,1876.99,1877.85,1877.9,1876.13,1876.19
2023-07-30 16:00:41,1876.99,1877.12,1877.85,1877.9,1876.13,1876.19
2023-07-30 16:00:46,1876.94,1877.13,1877.85,1877.9,1876.13,1876.19
2023-07-30 16:00:52,1877.02,1877.2,1877.85,1877.9,1876.19,1876.25
2023-07-30 16:00:58,1877.12,1877.25,1877.85,1877.9,1876.19,1876.25
2023-07-30 16:01:04,1877.41,1877.53,1878.25,1878.3,1876.45,1876.51
2023-07-30 16:01:09,1877.44,1877.6,1878.25,1878.3,1876.45,1876.51
2023-07-30 16:01:15,1877.31,1877.47,1878.25,1878.3,1876.45,1876.56
2023-07-30 16:01:21,1877.47,1877.71,1878.25,1878.3,1876.45,1876.71
2023-07-30 16:01:26,1877.2,1877.33,1878.25,1878.3,1876.45,1876.72
2023-07-30 16:01:32,1877.2,1877.39,1878.25,1878.3,1876.45,1876.72
2023-07-30 16:01:38,1877.4,1877.54,1878.25,1878.3,1876.45,1876.72
2023-07-30 16:01:43,1877.2,1877.39,1878.25,1878.3,1876.45,1876.72
2023-07-30 16:01:49,1877.41,1877.57,1878.25,1878.3,1876.45,1876.51
2023-07-30 16:01:55,1877.56,1877.75,1878.25,1878.3,1876.82,1876.88
2023-07-30 16:02:01,1877.4,1877.52,1878.25,1878.3,1876.82,1876.88
2023-07-30 16:02:06,1877.41,1877.6,1878.25,1878.3,1876.82,1876.88
2023-07-30 16:02:12,1877.3,1877.57,1878.25,1878.3,1876.82,1876.88
2023-07-30 16:02:18,1877.38,1877.51,1878.25,1878.3,1876.82,1876.88
2023-07-30 16:02:23,1877.37,1877.51,1878.25,1878.3,1876.82,1876.88
2023-07-30 16:02:29,1877.28,1877.48,1878.25,1878.3,1876.82,1876.88
2023-07-30 16:02:35,1877.4,1877.72,1878.25,1878.3,1876.82,1876.88
2023-07-30 16:02:41,1877.3,1877.55,1878.25,1878.3,1876.82,1876.88
2023-07-30 16:02:46,1877.27,1877.46,1878.25,1878.3,1876.82,1876.88
2023-07-30 16:02:52,1877.2,1877.37,1878.25,1878.3,1876.82,1876.88
2023-07-30 16:02:58,1877.07,1877.24,1878.25,1878.3,1876.81,1876.87
2023-07-30 16:03:03,1877.09,1877.19,1878.25,1878.3,1876.81,1876.87
2023-07-30 16:03:09,1876.79,1876.91,1878.25,1878.3,1876.43,1876.49
2023-07-30 16:03:15,1875.88,1876.15,1877.3,1877.35,1876.4,1876.46
2023-07-30 16:03:21,1876.01,1876.2,1877.25,1877.3,1875.47,1875.53
2023-07-30 16:03:26,1876.32,1876.4,1877.25,1877.3,1875.53,1875.59
2023-07-30 16:03:32,1876.04,1876.2,1877.25,1877.3,1875.53,1875.59
2023-07-30 16:03:38,1876.07,1876.24,1877.25,1877.3,1875.55,1875.76
2023-07-30 16:03:43,1876.1,1876.26,1877.2,1877.25,1875.48,1875.54
2023-07-30 16:03:49,1875.81,1875.98,1877.2,1877.25,1875.48,1875.54
2023-07-30 16:03:55,1876.09,1876.22,1877.25,1877.3,1875.48,1875.57
2023-07-30 16:04:00,1875.85,1876.07,1877.25,1877.3,1875.48,1875.54
2023-07-30 16:04:06,1875.61,1875.78,1877.25,1877.3,1875.48,1875.54
2023-07-30 16:04:12,1875.87,1876.06,1876.9,1876.95,1875.45,1875.51
2023-07-30 16:04:18,1875.92,1876.08,1876.9,1876.95,1875.45,1875.51
2023-07-30 16:04:23,1875.81,1875.96,1876.9,1876.95,1875.45,1875.51
2023-07-30 16:04:29,1875.61,1875.8,1876.85,1876.9,1875.37,1875.43
2023-07-30 16:04:35,1875.55,1875.7,1876.85,1876.9,1875.37,1875.43
2023-07-30 16:04:40,1875.84,1876.08,1876.85,1876.9,1875.1,1875.16
2023-07-30 16:04:46,1875.8,1875.93,1876.85,1876.9,1875.1,1875.16
2023-07-30 16:04:52,1875.68,1875.81,1876.85,1876.9,1875.1,1875.16
2023-07-30 16:04:57,1875.52,1875.66,1876.85,1876.9,1875.1,1875.16
2023-07-30 16:05:03,1875.45,1875.59,1876.85,1876.9,1875.1,1875.16
2023-07-30 16:05:09,1875.45,1875.6,1876.85,1876.9,1875.1,1875.16
2023-07-30 16:05:14,1875.64,1875.8,1876.85,1876.9,1875.1,1875.16
2023-07-30 16:05:20,1876.01,1876.14,1876.85,1876.9,1875.1,1875.16
2023-07-30 16:05:26,1876.07,1876.21,1876.85,1876.9,1875.1,1875.16
2023-07-30 16:05:32,1875.99,1876.08,1876.85,1876.9,1875.12,1875.18
2023-07-30 16:05:37,1876.11,1876.23,1876.85,1876.9,1875.12,1875.18
2023-07-30 16:05:43,1876.05,1876.17,1876.85,1876.9,1875.15,1875.21
2023-07-30 16:05:49,1876.27,1876.41,1877.05,1877.1,1875.21,1875.27
2023-07-30 16:05:54,1876.32,1876.49,1877.05,1877.1,1875.35,1875.41
2023-07-30 16:06:00,1876.37,1876.53,1877.05,1877.1,1875.38,1875.44
2023-07-30 16:06:06,1876.42,1876.58,1877.25,1877.3,1875.72,1875.78
2023-07-30 16:06:12,1876.41,1876.57,1877.25,1877.3,1875.72,1875.78
2023-07-30 16:06:17,1876.52,1876.67,1877.25,1877.3,1875.72,1875.78
2023-07-30 16:06:23,1876.49,1876.65,1877.25,1877.3,1875.72,1875.78
2023-07-30 16:06:29,1876.43,1876.57,1877.25,1877.3,1875.72,1875.78
2023-07-30 16:06:34,1876.4,1876.58,1877.25,1877.3,1875.72,1875.78
2023-07-30 16:06:40,1876.69,1876.82,1877.45,1877.5,1875.82,1875.88
2023-07-30 16:06:46,1876.69,1876.85,1877.45,1877.5,1875.82,1875.88
2023-07-30 16:06:51,1876.6,1876.74,1877.45,1877.5,1875.82,1875.88
2023-07-30 16:06:57,1876.91,1877.06,1877.65,1877.7,1875.92,1875.98
2023-07-30 16:07:03,1876.96,1877.11,1877.65,1877.7,1875.93,1875.99
2023-07-30 16:07:09,1877.22,1877.34,1877.95,1878.0,1876.27,1876.33
2023-07-30 16:07:14,1877.33,1877.47,1878.05,1878.1,1876.4,1876.46
2023-07-30 16:07:20,1877.23,1877.36,1878.05,1878.1,1876.4,1876.46
2023-07-30 16:07:26,1877.31,1877.45,1878.05,1878.1,1876.4,1876.46
2023-07-30 16:07:31,1877.23,1877.32,1878.05,1878.1,1876.58,1876.64
2023-07-30 16:07:37,1877.27,1877.43,1878.05,1878.1,1876.58,1876.64
2023-07-30 16:07:43,1877.25,1877.39,1878.05,1878.1,1876.58,1876.64
2023-07-30 16:07:49,1877.38,1877.48,1878.05,1878.1,1876.58,1876.64
2023-07-30 16:07:54,1877.48,1877.58,1878.05,1878.1,1876.58,1876.64
2023-07-30 16:08:00,1877.67,1877.77,1878.25,1878.3,1876.58,1876.64
2023-07-30 16:08:06,1877.68,1877.74,1878.5,1878.55,1876.69,1876.75
2023-07-30 16:08:11,1877.63,1877.72,1878.5,1878.55,1876.69,1876.75
2023-07-30 16:08:17,1877.83,1877.95,1878.55,1878.6,1876.75,1876.81
2023-07-30 16:08:23,1877.81,1877.95,1878.7,1878.75,1876.76,1876.82
2023-07-30 16:08:28,1877.92,1878.08,1878.7,1878.75,1877.02,1877.08
2023-07-30 16:08:34,1878.07,1878.22,1878.7,1878.75,1877.12,1877.18
2023-07-30 16:08:40,1878.07,1878.17,1878.7,1878.75,1877.29,1877.35
2023-07-30 16:08:46,1878.03,1878.18,1878.95,1879.0,1877.29,1877.35
2023-07-30 16:08:51,1878.19,1878.32,1878.95,1879.0,1877.29,1877.35
2023-07-30 16:08:57,1878.09,1878.25,1878.95,1879.0,1877.29,1877.35
2023-07-30 16:09:03,1878.29,1878.39,1878.95,1879.0,1877.29,1877.35
2023-07-30 16:09:08,1878.05,1878.15,1878.95,1879.0,1877.29,1877.35
2023-07-30 16:09:14,1877.68,1877.86,1878.95,1879.0,1877.29,1877.35
2023-07-30 16:09:20,1878.02,1878.14,1878.95,1879.0,1877.29,1877.35
2023-07-30 16:09:26,1878.23,1878.39,1878.95,1879.0,1877.29,1877.35
2023-07-30 16:09:31,1878.12,1878.22,1878.95,1879.0,1877.45,1877.51
2023-07-30 16:09:37,1878.22,1878.36,1878.95,1879.0,1877.45,1877.51
2023-07-30 16:09:43,1878.01,1878.13,1878.95,1879.0,1877.45,1877.51
2023-07-30 16:09:48,1877.92,1878.07,1878.95,1879.0,1877.45,1877.51
2023-07-30 16:09:54,1878.25,1878.36,1878.95,1879.0,1877.45,1877.51
2023-07-30 16:10:00,1878.08,1878.23,1878.95,1879.0,1877.45,1877.51
2023-07-30 16:10:05,1878.04,1878.17,1878.95,1879.0,1877.45,1877.51
2023-07-30 16:10:11,1878.19,1878.3,1878.95,1879.0,1877.45,1877.51
2023-07-30 16:10:17,1878.42,1878.52,1878.95,1879.0,1877.49,1877.55
2023-07-30 16:10:22,1878.37,1878.49,1878.95,1879.0,1877.49,1877.55
2023-07-30 16:10:28,1878.24,1878.34,1878.95,1879.0,1877.49,1877.55
2023-07-30 16:10:34,1878.3,1878.4,1878.95,1879.0,1877.49,1877.55
2023-07-30 16:10:40,1878.35,1878.51,1878.95,1879.0,1877.49,1877.55
2023-07-30 16:10:45,1878.41,1878.52,1878.95,1879.0,1877.49,1877.55
2023-07-30 16:10:51,1878.41,1878.54,1879.2,1879.25,1877.6,1877.66
2023-07-30 16:10:57,1878.44,1878.59,1879.2,1879.25,1877.6,1877.66
2023-07-30 16:11:02,1878.42,1878.58,1879.2,1879.25,1877.6,1877.66
2023-07-30 16:11:08,1878.42,1878.58,1879.2,1879.25,1877.74,1877.8
2023-07-30 16:11:14,1878.56,1878.71,1879.2,1879.25,1877.75,1877.81
2023-07-30 16:11:19,1878.46,1878.6,1879.2,1879.25,1877.84,1877.9
2023-07-30 16:11:25,1878.52,1878.64,1879.35,1879.4,1877.94,1878.0
2023-07-30 16:11:31,1878.51,1878.65,1879.35,1879.4,1877.94,1878.0
2023-07-30 16:11:37,1878.51,1878.68,1879.35,1879.4,1878.0,1878.06
2023-07-30 16:11:42,1878.58,1878.73,1879.35,1879.4,1878.0,1878.06
2023-07-30 16:11:48,1878.47,1878.59,1879.35,1879.4,1878.0,1878.06
2023-07-30 16:11:54,1878.47,1878.59,1879.35,1879.4,1878.0,1878.06
2023-07-30 16:12:00,1878.47,1878.59,1879.35,1879.4,1878.0,1878.06
2023-07-30 16:12:05,1878.47,1878.59,1879.35,1879.4,1878.0,1878.06
2023-07-30 16:12:11,1878.22,1878.36,1879.35,1879.4,1878.0,1878.06
2023-07-30 16:12:17,1878.06,1878.19,1879.35,1879.4,1878.0,1878.06
2023-07-30 16:12:22,1877.89,1877.99,1879.15,1879.2,1877.8,1877.86
2023-07-30 16:12:28,1877.84,1877.9,1878.95,1879.0,1877.33,1877.39
2023-07-30 16:12:34,1877.88,1878.0,1878.95,1879.0,1877.33,1877.4
2023-07-30 16:12:39,1877.69,1877.81,1878.95,1879.0,1877.33,1877.4
2023-07-30 16:12:45,1877.71,1877.88,1878.95,1879.0,1877.33,1877.4
2023-07-30 16:12:51,1878.09,1878.21,1878.95,1879.0,1877.33,1877.45
2023-07-30 16:12:56,1878.22,1878.36,1878.95,1879.0,1877.39,1877.63
2023-07-30 16:13:02,1878.31,1878.45,1878.95,1879.0,1877.75,1877.81
2023-07-30 16:13:08,1878.31,1878.43,1878.95,1879.0,1877.75,1877.81
2023-07-30 16:13:14,1878.32,1878.45,1878.95,1879.0,1877.75,1877.81
2023-07-30 16:13:19,1878.42,1878.55,1878.95,1879.0,1877.75,1877.81
2023-07-30 16:13:25,1878.41,1878.54,1878.95,1879.0,1877.75,1877.81
2023-07-30 16:13:31,1878.76,1878.86,1879.55,1879.6,1877.94,1878.0
2023-07-30 16:13:36,1878.66,1878.83,1879.55,1879.6,1877.94,1878.0
2023-07-30 16:13:42,1878.63,1878.74,1879.7,1879.8,1878.02,1878.08
2023-07-30 16:13:48,1878.57,1878.7,1879.65,1879.7,1878.02,1878.08
2023-07-30 16:13:54,1878.55,1878.66,1879.65,1879.7,1878.02,1878.08
2023-07-30 16:13:59,1878.54,1878.67,1879.65,1879.7,1878.02,1878.08
2023-07-30 16:14:05,1878.54,1878.67,1879.65,1879.7,1878.02,1878.08
2023-07-30 16:14:11,1878.57,1878.69,1879.65,1879.7,1878.02,1878.08
2023-07-30 16:14:16,1878.55,1878.68,1879.65,1879.7,1878.02,1878.08
2023-07-30 16:14:22,1878.51,1878.63,1879.65,1879.7,1878.02,1878.08
2023-07-30 16:14:28,1878.63,1878.72,1879.65,1879.7,1878.02,1878.08
2023-07-30 16:14:34,1878.61,1878.72,1879.65,1879.7,1878.02,1878.08
2023-07-30 16:14:39,1878.72,1878.84,1879.65,1879.7,1878.02,1878.08
2023-07-30 16:14:45,1878.73,1878.86,1879.65,1879.7,1878.02,1878.08
2023-07-30 16:14:51,1878.66,1878.77,1879.65,1879.7,1878.02,1878.08
2023-07-30 16:14:56,1878.72,1878.84,1879.65,1879.7,1878.02,1878.08
2023-07-30 16:15:02,1878.76,1878.85,1879.65,1879.7,1878.02,1878.08
2023-07-30 16:15:08,1878.74,1878.79,1879.65,1879.7,1878.05,1878.1
2023-07-30 16:15:13,1878.71,1878.83,1879.65,1879.7,1878.09,1878.1
2023-07-30 16:15:19,1878.76,1878.91,1879.65,1879.7,1878.09,1878.1
2023-07-30 16:15:25,1878.74,1878.91,1879.65,1879.7,1878.09,1878.1
2023-07-30 16:15:31,1878.76,1878.91,1879.65,1879.7,1878.09,1878.1
2023-07-30 16:15:36,1878.84,1878.91,1879.85,1879.9,1878.09,1878.14
2023-07-30 16:15:42,1878.8,1878.92,1879.85,1879.9,1878.08,1878.14
2023-07-30 16:15:48,1878.63,1878.72,1879.85,1879.9,1878.08,1878.14
2023-07-30 16:15:53,1878.62,1878.74,1879.85,1879.9,1878.08,1878.14
2023-07-30 16:15:59,1878.2,1878.32,1879.75,1879.8,1878.08,1878.14
2023-07-30 16:16:05,1877.93,1878.07,1879.55,1879.6,1878.05,1878.06
2023-07-30 16:16:11,1877.84,1877.97,1879.15,1879.2,1877.69,1877.75
2023-07-30 16:16:16,1877.78,1877.91,1878.95,1879.0,1877.39,1877.61
2023-07-30 16:16:22,1877.67,1877.79,1878.95,1879.0,1877.66,1877.72
2023-07-30 16:16:28,1877.55,1877.64,1878.8,1878.85,1877.66,1877.72
2023-07-30 16:16:33,1877.54,1877.62,1878.8,1878.85,1877.66,1877.72
2023-07-30 16:16:39,1877.8,1877.89,1878.8,1878.85,1877.45,1877.66
2023-07-30 16:16:45,1877.68,1877.82,1878.8,1878.85,1877.55,1877.89
2023-07-30 16:16:50,1877.68,1877.8,1878.8,1878.85,1877.66,1877.86
2023-07-30 16:16:56,1877.82,1877.93,1878.8,1878.85,1877.76,1877.89
2023-07-30 16:17:02,1878.04,1878.12,1878.8,1878.85,1877.83,1877.89
2023-07-30 16:17:08,1877.92,1878.06,1878.8,1878.85,1877.83,1877.89
2023-07-30 16:17:13,1877.73,1877.86,1878.8,1878.85,1877.83,1877.89
2023-07-30 16:17:19,1877.61,1877.69,1878.8,1878.85,1877.83,1877.89
2023-07-30 16:17:25,1877.59,1877.7,1878.8,1878.85,1877.83,1877.89
2023-07-30 16:17:30,1877.61,1877.72,1878.8,1878.85,1877.83,1877.89
2023-07-30 16:17:36,1877.58,1877.69,1878.8,1878.85,1877.83,1877.89
2023-07-30 16:17:42,1877.54,1877.7,1878.8,1878.85,1877.83,1877.89
2023-07-30 16:17:48,1877.73,1877.87,1878.8,1878.85,1877.83,1877.89
2023-07-30 16:17:53,1877.75,1877.84,1878.8,1878.85,1877.83,1877.89
2023-07-30 16:17:59,1877.5,1877.59,1878.8,1878.85,1877.38,1877.44
2023-07-30 16:18:05,1877.4,1877.53,1878.8,1878.85,1877.38,1877.44
2023-07-30 16:18:10,1877.41,1877.55,1878.8,1878.85,1877.38,1877.44
2023-07-30 16:18:16,1877.47,1877.6,1878.8,1878.85,1877.38,1877.44
2023-07-30 16:18:22,1877.45,1877.54,1878.8,1878.85,1877.38,1877.44
2023-07-30 16:18:27,1877.41,1877.53,1878.8,1878.85,1877.38,1877.44
2023-07-30 16:18:33,1877.52,1877.59,1878.8,1878.85,1877.38,1877.44
2023-07-30 16:18:39,1877.49,1877.58,1878.8,1878.85,1877.38,1877.44
2023-07-30 16:18:45,1877.45,1877.54,1878.8,1878.85,1877.38,1877.44
2023-07-30 16:18:50,1877.53,1877.61,1878.8,1878.85,1877.38,1877.44
2023-07-30 16:18:56,1877.49,1877.64,1878.8,1878.85,1877.38,1877.44
2023-07-30 16:19:02,1877.62,1877.77,1878.8,1878.85,1877.38,1877.44
2023-07-30 16:19:07,1877.52,1877.65,1878.8,1878.85,1877.38,1877.44
2023-07-30 16:19:13,1877.53,1877.69,1878.8,1878.85,1877.38,1877.44
2023-07-30 16:19:19,1877.54,1877.67,1878.8,1878.85,1877.38,1877.44
2023-07-30 16:19:24,1877.55,1877.69,1878.8,1878.85,1877.38,1877.44
2023-07-30 16:19:30,1877.53,1877.67,1878.8,1878.85,1877.38,1877.44
2023-07-30 16:19:36,1877.32,1877.43,1878.8,1878.85,1877.38,1877.44
2023-07-30 16:19:42,1877.21,1877.31,1878.8,1878.85,1877.18,1877.24
2023-07-30 16:19:47,1877.22,1877.33,1878.8,1878.85,1877.16,1877.22
2023-07-30 16:19:53,1877.2,1877.32,1878.8,1878.85,1877.02,1877.08
2023-07-30 16:19:59,1877.37,1877.4,1878.8,1878.85,1877.01,1877.07
2023-07-30 16:20:04,1877.17,1877.33,1878.8,1878.85,1877.01,1877.07
2023-07-30 16:20:10,1877.17,1877.31,1878.55,1878.6,1877.01,1877.07
2023-07-30 16:20:16,1877.13,1877.28,1878.45,1878.5,1876.91,1876.97
2023-07-30 16:20:21,1877.59,1877.76,1878.45,1878.5,1876.91,1876.97
2023-07-30 16:20:27,1877.66,1877.73,1878.45,1878.5,1876.91,1876.97
2023-07-30 16:20:33,1877.51,1877.6,1878.45,1878.5,1876.91,1876.97
2023-07-30 16:20:38,1877.44,1877.53,1878.45,1878.5,1876.91,1876.97
2023-07-30 16:20:44,1877.44,1877.56,1878.45,1878.5,1876.91,1876.97
2023-07-30 16:20:50,1877.44,1877.52,1878.45,1878.5,1876.91,1876.97
2023-07-30 16:20:56,1877.44,1877.59,1878.45,1878.5,1876.91,1876.97
2023-07-30 16:21:01,1877.49,1877.59,1878.45,1878.5,1876.91,1876.97
2023-07-30 16:21:07,1877.47,1877.55,1878.45,1878.5,1876.91,1876.97
2023-07-30 16:21:13,1877.4,1877.5,1878.45,1878.5,1876.91,1876.97
2023-07-30 16:21:18,1877.42,1877.52,1878.45,1878.5,1876.91,1876.97
2023-07-30 16:21:24,1877.39,1877.47,1878.45,1878.5,1876.91,1876.97
2023-07-30 16:21:30,1877.27,1877.42,1878.45,1878.5,1876.91,1876.97
2023-07-30 16:21:35,1877.29,1877.4,1878.45,1878.5,1876.91,1876.97
2023-07-30 16:21:41,1877.0,1877.08,1878.45,1878.5,1876.9,1876.96
2023-07-30 16:21:47,1876.97,1877.08,1878.45,1878.5,1876.9,1876.96
2023-07-30 16:21:53,1877.03,1877.13,1878.45,1878.5,1876.9,1876.96
2023-07-30 16:21:58,1877.04,1877.18,1878.45,1878.5,1876.9,1876.96
2023-07-30 16:22:04,1877.01,1877.17,1878.25,1878.3,1876.9,1876.96
2023-07-30 16:22:10,1877.03,1877.13,1878.25,1878.3,1876.9,1876.96
2023-07-30 16:22:15,1877.06,1877.18,1878.25,1878.3,1876.9,1876.96
2023-07-30 16:22:21,1877.06,1877.18,1878.25,1878.3,1876.9,1876.96
2023-07-30 16:22:27,1877.28,1877.41,1878.25,1878.3,1876.9,1876.96
2023-07-30 16:22:33,1877.12,1877.23,1878.25,1878.3,1876.9,1876.96
2023-07-30 16:22:38,1877.18,1877.33,1878.15,1878.2,1876.9,1876.96
2023-07-30 16:22:44,1877.23,1877.35,1878.15,1878.2,1876.9,1876.96
2023-07-30 16:22:50,1877.1,1877.19,1878.15,1878.2,1876.9,1876.96
2023-07-30 16:22:55,1877.07,1877.15,1878.15,1878.2,1876.9,1876.96
2023-07-30 16:23:01,1877.15,1877.23,1878.15,1878.2,1876.9,1876.96
2023-07-30 16:23:07,1877.43,1877.53,1878.15,1878.2,1876.9,1876.96
2023-07-30 16:23:12,1877.29,1877.39,1878.15,1878.2,1876.9,1876.96
2023-07-30 16:23:18,1877.17,1877.3,1878.15,1878.2,1876.9,1876.96
2023-07-30 16:23:24,1877.04,1877.15,1878.15,1878.2,1876.9,1876.96
2023-07-30 16:23:29,1876.99,1877.13,1878.15,1878.2,1876.89,1876.95
2023-07-30 16:23:35,1876.99,1877.13,1878.15,1878.2,1876.89,1876.95
2023-07-30 16:23:41,1877.0,1877.13,1878.15,1878.2,1876.89,1876.95
2023-07-30 16:23:46,1876.99,1877.13,1878.15,1878.2,1876.89,1876.95
2023-07-30 16:23:52,1876.92,1877.03,1878.15,1878.2,1876.89,1876.95
2023-07-30 16:23:58,1876.89,1876.99,1878.15,1878.2,1876.89,1876.95
2023-07-30 16:24:04,1876.89,1877.0,1878.15,1878.2,1876.88,1876.94
2023-07-30 16:24:09,1876.95,1877.05,1878.15,1878.2,1876.88,1876.94
2023-07-30 16:24:15,1876.96,1877.06,1878.15,1878.2,1876.88,1876.94
2023-07-30 16:24:21,1876.97,1877.06,1878.15,1878.2,1876.88,1876.94
2023-07-30 16:24:26,1876.95,1877.04,1878.15,1878.2,1876.88,1876.94
2023-07-30 16:24:32,1876.89,1876.99,1878.15,1878.2,1876.88,1876.94
2023-07-30 16:24:38,1876.96,1877.07,1878.15,1878.2,1876.88,1876.94
2023-07-30 16:24:43,1876.91,1877.04,1878.15,1878.2,1876.88,1876.94
2023-07-30 16:24:49,1876.91,1877.04,1878.15,1878.2,1876.88,1876.94
2023-07-30 16:24:55,1876.89,1877.01,1878.15,1878.2,1876.87,1876.93
2023-07-30 16:25:01,1876.85,1876.98,1878.15,1878.2,1876.87,1876.93
2023-07-30 16:25:06,1876.86,1876.97,1878.15,1878.2,1876.87,1876.93
2023-07-30 16:25:12,1877.13,1877.24,1878.15,1878.2,1876.87,1876.93
2023-07-30 16:25:18,1877.14,1877.29,1878.15,1878.2,1876.87,1876.93
2023-07-30 16:25:24,1877.16,1877.28,1878.15,1878.2,1876.87,1876.93
2023-07-30 16:25:29,1877.27,1877.39,1878.15,1878.2,1876.87,1876.93
2023-07-30 16:25:35,1877.57,1877.71,1878.15,1878.2,1876.87,1876.93
2023-07-30 16:25:41,1877.52,1877.66,1878.15,1878.2,1876.87,1876.93
2023-07-30 16:25:46,1877.52,1877.65,1878.15,1878.2,1876.87,1876.93
2023-07-30 16:25:52,1877.54,1877.7,1878.4,1878.45,1876.87,1876.93
2023-07-30 16:25:58,1877.56,1877.67,1878.4,1878.45,1876.87,1876.93
2023-07-30 16:26:03,1877.69,1877.79,1878.4,1878.45,1876.87,1876.93
2023-07-30 16:26:09,1877.62,1877.77,1878.4,1878.45,1876.87,1876.93
2023-07-30 16:26:15,1877.6,1877.74,1878.4,1878.45,1876.87,1876.93
2023-07-30 16:26:20,1877.6,1877.7,1878.4,1878.45,1876.87,1876.93
2023-07-30 16:26:26,1877.6,1877.74,1878.4,1878.45,1876.87,1876.93
2023-07-30 16:26:32,1877.68,1877.78,1878.4,1878.45,1876.87,1876.93
2023-07-30 16:26:38,1877.64,1877.78,1878.4,1878.45,1876.87,1876.93
2023-07-30 16:26:43,1877.66,1877.78,1878.4,1878.45,1876.87,1876.93
2023-07-30 16:26:49,1877.68,1877.78,1878.4,1878.45,1876.87,1876.93
2023-07-30 16:26:55,1877.58,1877.64,1878.4,1878.45,1876.87,1876.93
2023-07-30 16:27:00,1877.59,1877.71,1878.4,1878.45,1876.89,1876.95
2023-07-30 16:27:06,1877.6,1877.71,1878.4,1878.45,1876.89,1876.95
2023-07-30 16:27:12,1877.64,1877.74,1878.4,1878.45,1876.89,1876.95
2023-07-30 16:27:17,1877.61,1877.74,1878.4,1878.45,1876.89,1876.95
2023-07-30 16:27:23,1877.61,1877.78,1878.4,1878.45,1876.89,1876.95
2023-07-30 16:27:29,1877.63,1877.78,1878.4,1878.45,1876.89,1876.95
2023-07-30 16:27:34,1877.61,1877.71,1878.4,1878.45,1876.89,1876.95
2023-07-30 16:27:40,1877.63,1877.77,1878.4,1878.45,1876.89,1876.95
2023-07-30 16:27:46,1877.6,1877.65,1878.4,1878.45,1876.89,1876.95
2023-07-30 16:27:52,1877.61,1877.7,1878.4,1878.45,1876.89,1876.95
2023-07-30 16:27:57,1877.59,1877.72,1878.4,1878.45,1876.89,1876.95
2023-07-30 16:28:03,1877.49,1877.57,1878.4,1878.45,1876.89,1876.95
2023-07-30 16:28:09,1877.46,1877.62,1878.4,1878.45,1876.89,1876.95
2023-07-30 16:28:14,1877.51,1877.68,1878.4,1878.45,1876.89,1876.95
2023-07-30 16:28:20,1877.58,1877.68,1878.4,1878.45,1876.89,1876.95
2023-07-30 16:28:26,1877.54,1877.64,1878.4,1878.45,1876.89,1876.95
2023-07-30 16:28:31,1877.56,1877.66,1878.4,1878.45,1876.89,1876.95
2023-07-30 16:28:37,1877.54,1877.59,1878.4,1878.45,1876.89,1876.95
2023-07-30 16:28:43,1877.54,1877.66,1878.4,1878.45,1876.89,1876.95
2023-07-30 16:28:49,1877.51,1877.65,1878.4,1878.45,1876.89,1876.95
2023-07-30 16:28:54,1877.52,1877.65,1878.4,1878.45,1876.89,1876.95
2023-07-30 16:29:00,1877.63,1877.72,1878.4,1878.45,1876.89,1876.95
2023-07-30 16:29:06,1877.61,1877.71,1878.4,1878.45,1876.89,1876.95
2023-07-30 16:29:11,1877.63,1877.72,1878.4,1878.45,1876.89,1876.95
2023-07-30 16:29:17,1877.67,1877.78,1878.4,1878.45,1876.89,1876.95
2023-07-30 16:29:23,1877.7,1877.79,1878.4,1878.45,1876.89,1876.95
2023-07-30 16:29:29,1877.65,1877.79,1878.4,1878.45,1876.89,1876.95
2023-07-30 16:29:34,1877.65,1877.77,1878.4,1878.45,1876.89,1876.95
2023-07-30 16:29:40,1877.34,1877.43,1878.4,1878.45,1876.89,1876.95
2023-07-30 16:29:46,1877.28,1877.4,1878.4,1878.45,1876.89,1876.95
2023-07-30 16:29:51,1877.18,1877.21,1878.4,1878.45,1876.89,1876.95
2023-07-30 16:29:57,1877.14,1877.22,1878.4,1878.45,1876.89,1876.95
2023-07-30 16:30:03,1876.87,1876.99,1878.35,1878.4,1876.71,1876.77
2023-07-30 16:30:08,1876.9,1876.97,1878.35,1878.4,1876.71,1876.77
2023-07-30 16:30:14,1877.02,1877.11,1878.35,1878.4,1876.71,1876.77
2023-07-30 16:30:20,1877.01,1877.14,1878.35,1878.4,1876.71,1876.77
2023-07-30 16:30:26,1876.99,1877.07,1878.35,1878.4,1876.71,1876.77
2023-07-30 16:30:31,1876.92,1876.98,1878.35,1878.4,1876.55,1876.61
2023-07-30 16:30:37,1876.8,1876.89,1878.35,1878.4,1876.55,1876.61
2023-07-30 16:30:43,1876.71,1876.8,1878.0,1878.05,1876.53,1876.59
2023-07-30 16:30:48,1876.69,1876.76,1877.85,1877.9,1876.52,1876.58
2023-07-30 16:30:54,1876.63,1876.8,1877.85,1877.9,1876.48,1876.54
2023-07-30 16:31:00,1876.66,1876.78,1877.85,1877.9,1876.48,1876.54
2023-07-30 16:31:05,1876.66,1876.79,1877.85,1877.9,1876.48,1876.54
2023-07-30 16:31:11,1876.56,1876.69,1877.8,1877.85,1876.4,1876.46
2023-07-30 16:31:17,1876.32,1876.42,1877.8,1877.85,1876.22,1876.28
2023-07-30 16:31:23,1876.26,1876.37,1877.5,1877.55,1876.17,1876.23
2023-07-30 16:31:28,1876.27,1876.4,1877.5,1877.55,1876.16,1876.22
2023-07-30 16:31:34,1876.27,1876.4,1877.5,1877.55,1876.12,1876.18
2023-07-30 16:31:40,1876.11,1876.21,1877.5,1877.55,1875.88,1875.94
2023-07-30 16:31:45,1876.03,1876.11,1877.15,1877.2,1875.82,1875.88
2023-07-30 16:31:51,1875.96,1876.13,1877.15,1877.2,1875.76,1875.82
2023-07-30 16:31:57,1875.67,1875.82,1876.95,1877.0,1875.55,1875.61
2023-07-30 16:32:02,1875.69,1875.8,1876.95,1877.0,1875.2,1875.26
2023-07-30 16:32:08,1875.67,1875.77,1876.95,1877.0,1875.2,1875.26
2023-07-30 16:32:14,1875.41,1875.51,1876.95,1877.0,1875.2,1875.26
2023-07-30 16:32:20,1875.3,1875.42,1876.65,1876.7,1875.03,1875.09
2023-07-30 16:32:25,1875.23,1875.33,1876.5,1876.55,1874.94,1875.0
2023-07-30 16:32:31,1875.14,1875.2,1876.5,1876.55,1874.85,1874.91
2023-07-30 16:32:37,1875.05,1875.2,1876.5,1876.55,1874.78,1874.84
2023-07-30 16:32:42,1874.94,1875.08,1876.05,1876.1,1874.33,1874.39
2023-07-30 16:32:48,1874.9,1875.14,1876.05,1876.1,1874.33,1874.39
2023-07-30 16:32:54,1875.41,1875.53,1876.05,1876.1,1874.33,1874.39
2023-07-30 16:33:00,1875.18,1875.31,1876.05,1876.1,1874.33,1874.39
2023-07-30 16:33:05,1874.88,1874.97,1876.05,1876.1,1874.33,1874.39
2023-07-30 16:33:11,1875.0,1875.08,1876.05,1876.1,1874.33,1874.39
2023-07-30 16:33:17,1874.81,1874.97,1876.05,1876.1,1874.33,1874.39
2023-07-30 16:33:22,1874.65,1874.79,1876.05,1876.1,1874.33,1874.39
2023-07-30 16:33:28,1874.94,1875.04,1876.05,1876.1,1874.28,1874.34
2023-07-30 16:33:34,1875.09,1875.14,1876.05,1876.1,1874.28,1874.34
2023-07-30 16:33:39,1875.07,1875.18,1876.05,1876.1,1874.28,1874.34
2023-07-30 16:33:45,1875.07,1875.16,1876.05,1876.1,1874.28,1874.34
2023-07-30 16:33:51,1875.16,1875.26,1876.05,1876.1,1874.28,1874.34
2023-07-30 16:33:57,1875.21,1875.33,1876.05,1876.1,1874.28,1874.34
2023-07-30 16:34:02,1875.51,1875.6,1876.05,1876.1,1874.28,1874.34
2023-07-30 16:34:08,1875.46,1875.59,1876.25,1876.3,1874.48,1874.54
2023-07-30 16:34:14,1875.24,1875.35,1876.25,1876.3,1874.48,1874.54
2023-07-30 16:34:19,1875.21,1875.35,1876.25,1876.3,1874.48,1874.54
2023-07-30 16:34:25,1875.26,1875.34,1876.25,1876.3,1874.46,1874.52
2023-07-30 16:34:31,1875.0,1875.12,1876.25,1876.3,1874.46,1874.52
2023-07-30 16:34:37,1874.75,1874.86,1876.05,1876.1,1874.39,1874.45
2023-07-30 16:34:42,1874.63,1874.76,1876.05,1876.1,1874.3,1874.36
2023-07-30 16:34:48,1874.42,1874.55,1875.5,1875.55,1873.84,1873.9
2023-07-30 16:34:54,1874.3,1874.31,1875.5,1875.55,1873.8,1873.86
2023-07-30 16:34:59,1874.19,1874.31,1875.5,1875.55,1873.67,1873.73
2023-07-30 16:35:05,1874.21,1874.45,1875.5,1875.55,1873.58,1873.64
2023-07-30 16:35:11,1874.28,1874.43,1875.5,1875.55,1873.58,1873.64
2023-07-30 16:35:16,1874.49,1874.6,1875.5,1875.55,1873.58,1873.64
2023-07-30 16:35:22,1874.62,1874.79,1875.5,1875.55,1873.58,1873.64
2023-07-30 16:35:28,1874.56,1874.65,1875.5,1875.55,1873.58,1873.64
2023-07-30 16:35:34,1874.65,1874.75,1875.5,1875.55,1873.58,1873.64
2023-07-30 16:35:39,1874.6,1874.68,1875.5,1875.55,1873.58,1873.64
2023-07-30 16:35:45,1874.49,1874.64,1875.5,1875.55,1873.58,1873.64
2023-07-30 16:35:51,1874.6,1874.69,1875.5,1875.55,1873.58,1873.64
2023-07-30 16:35:56,1874.8,1874.93,1875.65,1875.7,1873.58,1873.64
2023-07-30 16:36:02,1874.85,1874.98,1875.65,1875.7,1873.72,1873.78
2023-07-30 16:36:08,1874.96,1875.05,1875.65,1875.7,1873.72,1873.78
2023-07-30 16:36:13,1875.18,1875.23,1875.85,1875.9,1873.83,1874.05
2023-07-30 16:36:19,1875.24,1875.39,1875.85,1875.9,1874.03,1874.22
2023-07-30 16:36:25,1875.22,1875.32,1875.85,1875.9,1874.21,1874.31
2023-07-30 16:36:31,1874.92,1875.08,1875.85,1875.9,1874.21,1874.31
2023-07-30 16:36:36,1874.86,1874.94,1875.85,1875.9,1874.21,1874.31
2023-07-30 16:36:42,1874.89,1874.98,1875.85,1875.9,1874.21,1874.31
2023-07-30 16:36:48,1874.92,1875.05,1875.85,1875.9,1874.21,1874.31
2023-07-30 16:36:53,1874.86,1875.01,1875.85,1875.9,1874.21,1874.31
2023-07-30 16:36:59,1874.83,1874.9,1875.85,1875.9,1874.21,1874.27
2023-07-30 16:37:05,1874.87,1875.02,1875.85,1875.9,1874.21,1874.27
2023-07-30 16:37:11,1874.97,1875.08,1875.85,1875.9,1874.21,1874.27
2023-07-30 16:37:16,1875.11,1875.27,1875.95,1876.0,1874.21,1874.27
2023-07-30 16:37:22,1875.25,1875.41,1876.25,1876.3,1874.21,1874.27
2023-07-30 16:37:28,1875.22,1875.4,1876.25,1876.3,1874.21,1874.27
2023-07-30 16:37:33,1875.18,1875.26,1876.25,1876.3,1874.21,1874.27
2023-07-30 16:37:39,1875.12,1875.29,1876.25,1876.3,1874.21,1874.27
2023-07-30 16:37:45,1874.89,1875.08,1876.25,1876.3,1874.12,1874.19
2023-07-30 16:37:50,1874.83,1874.95,1876.25,1876.3,1874.12,1874.19
2023-07-30 16:37:56,1874.83,1874.97,1875.95,1876.0,1874.12,1874.18
2023-07-30 16:38:02,1874.93,1875.01,1875.95,1876.0,1874.12,1874.18
2023-07-30 16:38:07,1875.0,1875.11,1875.95,1876.0,1874.12,1874.18
2023-07-30 16:38:13,1875.01,1875.15,1875.95,1876.0,1874.12,1874.18
2023-07-30 16:38:19,1874.92,1875.03,1875.95,1876.0,1874.12,1874.18
2023-07-30 16:38:25,1874.92,1875.03,1875.95,1876.0,1874.12,1874.18
2023-07-30 16:38:30,1874.92,1875.03,1875.95,1876.0,1874.12,1874.18
2023-07-30 16:38:36,1874.8,1874.89,1875.95,1876.0,1874.12,1874.18
2023-07-30 16:38:42,1874.74,1874.84,1875.95,1876.0,1874.12,1874.18
2023-07-30 16:38:47,1874.81,1874.97,1875.95,1876.0,1874.12,1874.18
2023-07-30 16:38:53,1874.78,1874.92,1875.95,1876.0,1874.12,1874.18
2023-07-30 16:38:59,1875.43,1875.79,1876.45,1876.5,1874.12,1874.18
2023-07-30 16:39:04,1875.63,1875.71,1876.45,1876.5,1874.73,1874.79
2023-07-30 16:39:10,1875.83,1875.93,1876.7,1876.75,1874.91,1874.97
2023-07-30 16:39:16,1875.91,1876.01,1876.7,1876.75,1874.92,1874.98
2023-07-30 16:39:21,1875.91,1876.01,1876.7,1876.75,1874.92,1874.98
2023-07-30 16:39:27,1876.38,1876.5,1877.4,1877.45,1875.24,1875.3
2023-07-30 16:39:33,1876.13,1876.3,1877.4,1877.45,1875.35,1875.41
2023-07-30 16:39:38,1876.01,1876.15,1877.0,1877.05,1875.35,1875.41
2023-07-30 16:39:44,1876.21,1876.33,1877.0,1877.05,1875.35,1875.41
2023-07-30 16:39:50,1876.21,1876.37,1877.3,1877.35,1875.35,1875.41
2023-07-30 16:39:56,1876.21,1876.39,1877.3,1877.35,1875.35,1875.41
2023-07-30 16:40:01,1876.15,1876.28,1877.3,1877.35,1875.35,1875.41
2023-07-30 16:40:07,1876.0,1876.1,1877.3,1877.35,1875.35,1875.41
2023-07-30 16:40:13,1875.83,1875.99,1877.3,1877.35,1875.3,1875.36
2023-07-30 16:40:18,1875.9,1876.07,1877.3,1877.35,1875.3,1875.36
2023-07-30 16:40:24,1875.9,1876.07,1877.3,1877.35,1875.3,1875.36
2023-07-30 16:40:30,1876.11,1876.25,1877.3,1877.35,1875.3,1875.36
2023-07-30 16:40:35,1876.25,1876.36,1877.3,1877.35,1875.3,1875.36
2023-07-30 16:40:41,1876.13,1876.25,1877.3,1877.35,1875.3,1875.36
2023-07-30 16:40:47,1876.13,1876.25,1877.3,1877.35,1875.3,1875.36
2023-07-30 16:40:53,1876.21,1876.39,1877.3,1877.35,1875.3,1875.36
2023-07-30 16:40:58,1876.24,1876.37,1877.3,1877.35,1875.3,1875.36
2023-07-30 16:41:04,1876.28,1876.39,1877.3,1877.35,1875.3,1875.36
2023-07-30 16:41:10,1876.26,1876.42,1877.3,1877.35,1875.3,1875.36
2023-07-30 16:41:15,1876.32,1876.46,1877.3,1877.35,1875.31,1875.37
2023-07-30 16:41:21,1876.37,1876.51,1877.3,1877.35,1875.31,1875.37
2023-07-30 16:41:27,1876.42,1876.53,1877.3,1877.35,1875.31,1875.37
2023-07-30 16:41:32,1876.3,1876.47,1877.3,1877.35,1875.31,1875.37
2023-07-30 16:41:38,1876.42,1876.53,1877.3,1877.35,1875.31,1875.37
2023-07-30 16:41:44,1876.4,1876.5,1877.3,1877.35,1875.31,1875.37
2023-07-30 16:41:50,1876.36,1876.49,1877.3,1877.35,1875.31,1875.37
2023-07-30 16:41:55,1876.2,1876.31,1877.3,1877.35,1875.31,1875.37
2023-07-30 16:42:01,1876.13,1876.24,1877.3,1877.35,1875.31,1875.37
2023-07-30 16:42:07,1875.87,1875.98,1877.3,1877.35,1875.31,1875.37
2023-07-30 16:42:12,1875.83,1875.98,1877.3,1877.35,1875.31,1875.32
2023-07-30 16:42:18,1875.82,1875.92,1877.3,1877.35,1875.31,1875.32
2023-07-30 16:42:24,1875.63,1875.74,1877.0,1877.05,1875.18,1875.24
2023-07-30 16:42:29,1875.61,1875.7,1877.0,1877.05,1875.18,1875.24
2023-07-30 16:42:35,1875.61,1875.7,1877.0,1877.05,1875.18,1875.24
2023-07-30 16:42:41,1875.61,1875.7,1877.0,1877.05,1875.18,1875.24
2023-07-30 16:42:46,1875.6,1875.69,1877.0,1877.05,1875.18,1875.24
2023-07-30 16:42:52,1875.5,1875.6,1877.0,1877.05,1875.18,1875.24
2023-07-30 16:42:58,1875.47,1875.58,1877.0,1877.05,1875.18,1875.19
2023-07-30 16:43:04,1875.37,1875.5,1877.0,1877.05,1875.18,1875.19
2023-07-30 16:43:09,1875.19,1875.28,1876.3,1876.35,1874.89,1874.95
2023-07-30 16:43:15,1875.29,1875.45,1876.3,1876.35,1874.89,1874.95
2023-07-30 16:43:21,1875.29,1875.43,1876.3,1876.35,1874.89,1874.95
2023-07-30 16:43:26,1875.26,1875.39,1876.3,1876.35,1874.89,1874.95
2023-07-30 16:43:32,1875.0,1875.16,1876.3,1876.35,1874.82,1874.88
2023-07-30 16:43:38,1875.11,1875.22,1876.3,1876.35,1874.81,1874.87
2023-07-30 16:43:44,1875.23,1875.34,1876.3,1876.35,1874.81,1874.87
2023-07-30 16:43:49,1875.25,1875.36,1876.3,1876.35,1874.81,1874.87
2023-07-30 16:43:55,1875.26,1875.39,1876.3,1876.35,1874.81,1874.87
2023-07-30 16:44:01,1875.45,1875.58,1876.3,1876.35,1874.81,1874.87
2023-07-30 16:44:06,1875.28,1875.39,1876.3,1876.35,1874.82,1874.87
2023-07-30 16:44:12,1875.34,1875.4,1876.3,1876.35,1874.82,1874.87
2023-07-30 16:44:18,1875.4,1875.41,1876.3,1876.35,1874.82,1874.87
2023-07-30 16:44:23,1875.42,1875.54,1876.3,1876.35,1874.82,1874.87
2023-07-30 16:44:29,1875.54,1875.65,1876.3,1876.35,1874.82,1874.87
2023-07-30 16:44:35,1875.67,1875.8,1876.3,1876.35,1874.82,1874.87
2023-07-30 16:44:41,1875.68,1875.8,1876.3,1876.35,1874.82,1874.87
2023-07-30 16:44:46,1875.68,1875.8,1876.3,1876.35,1874.82,1874.87
2023-07-30 16:44:52,1875.69,1875.8,1876.3,1876.35,1874.82,1874.87
2023-07-30 16:44:58,1875.72,1875.8,1876.3,1876.35,1874.82,1874.87
2023-07-30 16:45:04,1875.63,1875.74,1876.3,1876.35,1874.82,1874.87
2023-07-30 16:45:09,1875.69,1875.78,1876.3,1876.35,1874.82,1874.87
2023-07-30 16:45:15,1875.89,1876.01,1876.55,1876.6,1874.84,1875.08
2023-07-30 16:45:21,1875.8,1875.91,1876.55,1876.6,1874.93,1874.99
2023-07-30 16:45:27,1876.0,1876.02,1876.9,1876.95,1874.93,1874.99
2023-07-30 16:45:32,1876.21,1876.32,1876.95,1877.0,1875.14,1875.2
2023-07-30 16:45:38,1876.16,1876.27,1876.95,1877.0,1875.2,1875.26
2023-07-30 16:45:44,1876.11,1876.2,1876.95,1877.0,1875.2,1875.26
2023-07-30 16:45:49,1875.96,1876.03,1876.95,1877.0,1875.2,1875.26
2023-07-30 16:45:55,1875.79,1875.87,1876.95,1877.0,1875.2,1875.26
2023-07-30 16:46:01,1875.83,1875.97,1876.95,1877.0,1875.2,1875.26
2023-07-30 16:46:06,1876.02,1876.12,1876.95,1877.0,1875.2,1875.26
2023-07-30 16:46:12,1875.81,1875.92,1876.95,1877.0,1875.2,1875.26
2023-07-30 16:46:18,1875.88,1875.99,1876.95,1877.0,1875.2,1875.26
2023-07-30 16:46:23,1875.93,1876.03,1876.95,1877.0,1875.2,1875.26
2023-07-30 16:46:29,1875.99,1876.09,1876.95,1877.0,1875.2,1875.26
2023-07-30 16:46:35,1876.03,1876.13,1876.95,1877.0,1875.2,1875.26
2023-07-30 16:46:40,1876.02,1876.12,1876.95,1877.0,1875.2,1875.26
2023-07-30 16:46:46,1875.84,1875.94,1876.95,1877.0,1875.2,1875.26
2023-07-30 16:46:52,1875.68,1875.76,1876.95,1877.0,1875.2,1875.26
2023-07-30 16:46:58,1875.82,1875.99,1876.95,1877.0,1875.2,1875.26
2023-07-30 16:47:03,1875.88,1875.98,1876.95,1877.0,1875.2,1875.26
2023-07-30 16:47:09,1875.84,1875.98,1876.95,1877.0,1875.2,1875.26
2023-07-30 16:47:15,1875.87,1875.97,1876.95,1877.0,1875.2,1875.26
2023-07-30 16:47:20,1875.8,1875.93,1876.95,1877.0,1875.2,1875.26
2023-07-30 16:47:26,1875.75,1875.87,1876.95,1877.0,1875.2,1875.26
2023-07-30 16:47:32,1876.23,1876.29,1876.95,1877.0,1875.34,1875.4
2023-07-30 16:47:37,1876.75,1876.9,1877.75,1877.8,1875.86,1875.87
2023-07-30 16:47:43,1876.51,1876.64,1877.65,1877.7,1875.86,1875.87
2023-07-30 16:47:49,1876.58,1876.73,1877.55,1877.6,1875.86,1875.87
2023-07-30 16:47:55,1876.62,1876.77,1877.55,1877.6,1875.86,1875.87
2023-07-30 16:48:00,1876.74,1876.85,1877.55,1877.6,1875.86,1875.87
2023-07-30 16:48:06,1877.07,1877.25,1877.95,1878.0,1876.13,1876.19
2023-07-30 16:48:12,1876.98,1877.09,1877.95,1878.0,1876.13,1876.19
2023-07-30 16:48:17,1877.17,1877.3,1877.95,1878.0,1876.13,1876.19
2023-07-30 16:48:23,1877.0,1877.11,1877.95,1878.0,1876.13,1876.19
2023-07-30 16:48:29,1876.85,1876.97,1877.95,1878.0,1876.13,1876.19
2023-07-30 16:48:34,1876.84,1876.97,1877.95,1878.0,1876.13,1876.19
2023-07-30 16:48:40,1876.85,1876.96,1877.95,1878.0,1876.13,1876.19
2023-07-30 16:48:46,1876.66,1876.77,1877.95,1878.0,1876.13,1876.19
2023-07-30 16:48:51,1876.61,1876.73,1877.95,1878.0,1876.13,1876.19
2023-07-30 16:48:57,1876.61,1876.78,1877.95,1878.0,1876.13,1876.19
2023-07-30 16:49:03,1876.55,1876.66,1877.55,1877.6,1876.04,1876.1
2023-07-30 16:49:09,1876.49,1876.59,1877.55,1877.6,1876.04,1876.1
2023-07-30 16:49:14,1877.03,1877.14,1877.55,1877.6,1876.13,1876.19
2023-07-30 16:49:20,1876.97,1877.04,1877.55,1877.6,1876.13,1876.19
2023-07-30 16:49:26,1876.97,1877.07,1877.55,1877.6,1876.13,1876.19
2023-07-30 16:49:31,1877.06,1877.16,1877.55,1877.6,1876.13,1876.19
2023-07-30 16:49:37,1877.05,1877.16,1877.55,1877.6,1876.14,1876.19
2023-07-30 16:49:43,1877.09,1877.16,1877.55,1877.6,1876.14,1876.19
2023-07-30 16:49:48,1877.03,1877.15,1877.55,1877.6,1876.14,1876.19
2023-07-30 16:49:54,1877.36,1877.51,1878.35,1878.4,1876.32,1876.38
2023-07-30 16:50:00,1877.42,1877.58,1878.4,1878.45,1876.4,1876.46
2023-07-30 16:50:06,1877.42,1877.53,1878.5,1878.55,1876.62,1876.68
2023-07-30 16:50:11,1877.51,1877.62,1878.6,1878.65,1876.62,1876.68
2023-07-30 16:50:17,1877.62,1877.75,1878.6,1878.65,1876.69,1876.75
2023-07-30 16:50:23,1877.13,1877.25,1878.6,1878.65,1876.71,1876.77
2023-07-30 16:50:28,1877.13,1877.27,1878.6,1878.65,1876.71,1876.77
2023-07-30 16:50:34,1877.09,1877.17,1878.6,1878.65,1876.79,1876.85
2023-07-30 16:50:40,1876.8,1876.91,1878.35,1878.4,1876.79,1876.85
2023-07-30 16:50:45,1876.8,1876.92,1878.35,1878.4,1876.79,1876.85
2023-07-30 16:50:51,1876.84,1876.99,1878.35,1878.4,1876.79,1876.85
2023-07-30 16:50:57,1876.88,1876.99,1878.35,1878.4,1876.79,1876.85
2023-07-30 16:51:03,1876.73,1876.84,1878.35,1878.4,1876.79,1876.85
2023-07-30 16:51:08,1876.63,1876.75,1878.35,1878.4,1876.79,1876.85
2023-07-30 16:51:14,1876.56,1876.6,1877.95,1878.0,1876.32,1876.38
2023-07-30 16:51:20,1876.33,1876.45,1877.95,1878.0,1876.27,1876.33
2023-07-30 16:51:25,1876.41,1876.56,1877.95,1878.0,1876.14,1876.19
2023-07-30 16:51:31,1876.38,1876.53,1877.95,1878.0,1876.14,1876.19
2023-07-30 16:51:37,1876.48,1876.59,1877.95,1878.0,1876.13,1876.19
2023-07-30 16:51:43,1876.59,1876.7,1877.95,1878.0,1876.13,1876.19
2023-07-30 16:51:48,1876.63,1876.7,1877.95,1878.0,1876.13,1876.19
2023-07-30 16:51:54,1876.39,1876.52,1877.95,1878.0,1876.13,1876.19
2023-07-30 16:52:00,1876.32,1876.43,1877.95,1878.0,1876.13,1876.19
2023-07-30 16:52:05,1876.31,1876.43,1877.95,1878.0,1876.18,1876.24
2023-07-30 16:52:11,1876.21,1876.32,1877.95,1878.0,1876.13,1876.19
2023-07-30 16:52:17,1876.25,1876.39,1877.95,1878.0,1876.13,1876.19
2023-07-30 16:52:23,1876.36,1876.47,1877.95,1878.0,1876.13,1876.19
2023-07-30 16:52:28,1876.34,1876.47,1877.95,1878.0,1876.13,1876.19
2023-07-30 16:52:34,1876.39,1876.53,1877.95,1878.0,1876.13,1876.19
2023-07-30 16:52:40,1876.39,1876.53,1877.95,1878.0,1876.13,1876.19
2023-07-30 16:52:46,1876.35,1876.52,1877.95,1878.0,1876.13,1876.19
2023-07-30 16:52:51,1876.2,1876.36,1877.95,1878.0,1875.98,1876.04
2023-07-30 16:52:57,1876.23,1876.37,1877.95,1878.0,1875.98,1876.04
2023-07-30 16:53:03,1876.21,1876.37,1877.95,1878.0,1875.98,1876.04
2023-07-30 16:53:08,1876.17,1876.29,1877.45,1877.5,1875.98,1876.04
2023-07-30 16:53:14,1876.18,1876.33,1877.45,1877.5,1875.98,1876.04
2023-07-30 16:53:20,1876.55,1876.65,1877.45,1877.5,1875.98,1876.04
2023-07-30 16:53:25,1876.52,1876.59,1877.45,1877.5,1875.98,1876.04
2023-07-30 16:53:31,1876.52,1876.59,1877.45,1877.5,1875.98,1876.04
2023-07-30 16:53:37,1876.39,1876.46,1877.45,1877.5,1875.98,1876.04
2023-07-30 16:53:43,1876.44,1876.55,1877.45,1877.5,1875.98,1876.04
2023-07-30 16:53:48,1876.48,1876.59,1877.45,1877.5,1875.98,1876.04
2023-07-30 16:53:54,1876.45,1876.59,1877.45,1877.5,1875.98,1876.04
2023-07-30 16:54:00,1876.0,1876.1,1877.15,1877.2,1875.86,1875.92
2023-07-30 16:54:05,1875.97,1876.09,1877.15,1877.2,1875.82,1875.88
2023-07-30 16:54:11,1876.05,1876.16,1877.15,1877.2,1875.82,1875.88
2023-07-30 16:54:17,1876.08,1876.22,1877.15,1877.2,1875.82,1875.88
2023-07-30 16:54:23,1876.07,1876.18,1877.15,1877.2,1875.82,1875.88
2023-07-30 16:54:28,1876.03,1876.14,1877.15,1877.2,1875.82,1875.88
2023-07-30 16:54:34,1876.0,1876.12,1877.15,1877.2,1875.82,1875.88
2023-07-30 16:54:40,1876.04,1876.15,1877.15,1877.2,1875.82,1875.88
2023-07-30 16:54:45,1876.04,1876.17,1877.15,1877.2,1875.82,1875.88
2023-07-30 16:54:51,1876.01,1876.12,1877.15,1877.2,1875.82,1875.88
2023-07-30 16:54:57,1876.02,1876.17,1877.15,1877.2,1875.82,1875.88
2023-07-30 16:55:03,1875.95,1876.11,1877.15,1877.2,1875.82,1875.88
2023-07-30 16:55:08,1876.03,1876.16,1877.15,1877.2,1875.82,1875.88
2023-07-30 16:55:14,1876.13,1876.22,1877.15,1877.2,1875.82,1875.88
2023-07-30 16:55:20,1876.07,1876.22,1877.15,1877.2,1875.82,1875.88
2023-07-30 16:55:25,1876.03,1876.16,1877.15,1877.2,1875.82,1875.88
2023-07-30 16:55:31,1876.13,1876.22,1877.15,1877.2,1875.82,1875.88
2023-07-30 16:55:37,1876.2,1876.28,1877.15,1877.2,1875.82,1875.88
2023-07-30 16:55:42,1876.24,1876.35,1877.15,1877.2,1875.82,1875.88
2023-07-30 16:55:48,1876.36,1876.47,1877.15,1877.2,1875.82,1875.88
2023-07-30 16:55:54,1876.33,1876.46,1877.15,1877.2,1875.82,1875.88
2023-07-30 16:55:59,1876.2,1876.26,1877.15,1877.2,1875.82,1875.88
2023-07-30 16:56:05,1876.21,1876.32,1877.15,1877.2,1875.82,1875.88
2023-07-30 16:56:11,1876.16,1876.29,1877.15,1877.2,1875.82,1875.88
2023-07-30 16:56:17,1876.16,1876.32,1877.15,1877.2,1875.82,1875.88
2023-07-30 16:56:22,1876.16,1876.32,1877.15,1877.2,1875.82,1875.88
2023-07-30 16:56:28,1876.21,1876.35,1877.15,1877.2,1875.82,1875.88
2023-07-30 16:56:34,1876.27,1876.36,1877.15,1877.2,1875.82,1875.88
2023-07-30 16:56:39,1876.21,1876.32,1877.15,1877.2,1875.82,1875.88
2023-07-30 16:56:45,1876.21,1876.33,1877.15,1877.2,1875.82,1875.88
2023-07-30 16:56:51,1876.25,1876.37,1877.15,1877.2,1875.82,1875.88
2023-07-30 16:56:56,1876.24,1876.33,1877.15,1877.2,1875.82,1875.88
2023-07-30 16:57:02,1876.28,1876.37,1877.15,1877.2,1875.82,1875.88
2023-07-30 16:57:08,1876.32,1876.44,1877.15,1877.2,1875.82,1875.88
2023-07-30 16:57:13,1876.32,1876.44,1877.15,1877.2,1875.82,1875.88
2023-07-30 16:57:19,1876.82,1876.99,1877.55,1877.6,1875.82,1875.88
2023-07-30 16:57:25,1876.83,1876.94,1877.55,1877.6,1875.82,1875.94
2023-07-30 16:57:31,1876.65,1876.79,1877.55,1877.6,1875.82,1875.88
2023-07-30 16:57:36,1876.65,1876.79,1877.55,1877.6,1875.82,1875.88
2023-07-30 16:57:42,1876.69,1876.85,1877.55,1877.6,1875.82,1875.88
2023-07-30 16:57:48,1876.75,1876.92,1877.55,1877.6,1875.82,1875.88
2023-07-30 16:57:53,1876.73,1876.88,1877.55,1877.6,1875.82,1875.88
2023-07-30 16:57:59,1876.73,1876.88,1877.55,1877.6,1875.82,1875.88
2023-07-30 16:58:05,1876.77,1876.94,1877.55,1877.6,1875.82,1875.88
2023-07-30 16:58:10,1876.82,1876.97,1877.55,1877.6,1875.82,1875.88
2023-07-30 16:58:16,1876.88,1876.98,1877.55,1877.6,1875.82,1875.88
2023-07-30 16:58:22,1876.87,1876.99,1877.55,1877.6,1875.82,1876.24
2023-07-30 16:58:27,1876.74,1876.86,1877.55,1877.6,1875.82,1876.17
2023-07-30 16:58:33,1876.74,1876.89,1877.55,1877.6,1876.4,1876.46
2023-07-30 16:58:39,1876.75,1876.89,1877.55,1877.6,1876.4,1876.46
2023-07-30 16:58:45,1876.74,1876.88,1877.55,1877.6,1876.4,1876.46
2023-07-30 16:58:50,1876.85,1876.98,1877.55,1877.6,1876.4,1876.46
2023-07-30 16:58:56,1876.86,1876.96,1877.55,1877.6,1876.4,1876.46
2023-07-30 16:59:02,1876.87,1877.01,1877.55,1877.6,1876.4,1876.46
2023-07-30 16:59:07,1877.01,1877.15,1877.55,1877.6,1876.4,1876.46
2023-07-30 16:59:13,1876.95,1877.04,1877.55,1877.6,1876.4,1876.46
2023-07-30 16:59:19,1876.97,1877.1,1877.55,1877.6,1876.4,1876.46
2023-07-30 16:59:24,1877.02,1877.12,1877.55,1877.6,1876.4,1876.46
2023-07-30 16:59:30,1876.96,1877.05,1877.55,1877.6,1876.4,1876.46
2023-07-30 16:59:36,1877.0,1877.14,1877.55,1877.6,1876.4,1876.46
2023-07-30 16:59:42,1876.88,1877.01,1877.55,1877.6,1876.4,1876.46
2023-07-30 16:59:47,1877.02,1877.14,1877.55,1877.6,1876.4,1876.46
2023-07-30 16:59:53,1877.02,1877.14,1877.6,1877.65,1876.4,1876.46
2023-07-30 16:59:59,1876.72,1876.83,1877.6,1877.65,1876.4,1876.46
2023-07-30 17:00:04,1876.73,1876.86,1877.6,1877.65,1876.4,1876.46
2023-07-30 17:00:10,1876.79,1876.89,1877.6,1877.65,1876.4,1876.46
2023-07-30 17:00:16,1877.01,1877.14,1877.6,1877.65,1876.4,1876.46
2023-07-30 17:00:21,1876.89,1877.06,1877.6,1877.65,1876.4,1876.46
2023-07-30 17:00:27,1876.82,1876.94,1877.6,1877.65,1876.4,1876.46
2023-07-30 17:00:33,1876.69,1876.82,1877.6,1877.65,1876.4,1876.46
2023-07-30 17:00:39,1876.84,1876.97,1877.6,1877.65,1876.4,1876.46
2023-07-30 17:00:44,1876.82,1876.93,1877.6,1877.65,1876.4,1876.46
2023-07-30 17:00:50,1876.63,1876.64,1877.6,1877.65,1876.4,1876.46
2023-07-30 17:00:56,1876.64,1876.74,1877.6,1877.65,1876.4,1876.46
2023-07-30 17:01:01,1876.64,1876.73,1877.6,1877.65,1876.4,1876.46
2023-07-30 17:01:07,1876.73,1876.89,1877.6,1877.65,1876.4,1876.46
2023-07-30 17:01:13,1876.85,1876.96,1877.6,1877.65,1876.4,1876.46
2023-07-30 17:01:18,1877.01,1877.14,1877.6,1877.65,1876.4,1876.46
2023-07-30 17:01:24,1876.9,1877.06,1877.6,1877.65,1876.4,1876.46
2023-07-30 17:01:30,1876.62,1876.68,1877.6,1877.65,1876.4,1876.46
2023-07-30 17:01:35,1876.62,1876.73,1877.6,1877.65,1876.4,1876.46
2023-07-30 17:01:41,1876.65,1876.79,1877.6,1877.65,1876.4,1876.46
2023-07-30 17:01:47,1876.71,1876.85,1877.6,1877.65,1876.4,1876.46
2023-07-30 17:01:53,1876.8,1876.92,1877.6,1877.65,1876.4,1876.46
2023-07-30 17:01:58,1876.72,1876.85,1877.6,1877.65,1876.4,1876.46
2023-07-30 17:02:04,1876.75,1876.87,1877.6,1877.65,1876.4,1876.46
2023-07-30 17:02:10,1876.66,1876.72,1877.6,1877.65,1876.4,1876.46
2023-07-30 17:02:15,1876.54,1876.66,1877.6,1877.65,1876.4,1876.46
2023-07-30 17:02:21,1876.67,1876.78,1877.6,1877.65,1876.4,1876.46
2023-07-30 17:02:27,1876.64,1876.74,1877.6,1877.65,1876.4,1876.46
2023-07-30 17:02:32,1876.61,1876.72,1877.6,1877.65,1876.4,1876.46
2023-07-30 17:02:38,1876.55,1876.66,1877.6,1877.65,1876.4,1876.46
2023-07-30 17:02:44,1876.52,1876.59,1877.6,1877.65,1876.4,1876.46
2023-07-30 17:02:50,1876.49,1876.55,1877.6,1877.65,1876.4,1876.46
2023-07-30 17:02:55,1876.5,1876.63,1877.6,1877.65,1876.4,1876.46
2023-07-30 17:03:01,1876.46,1876.54,1877.6,1877.65,1876.4,1876.46
2023-07-30 17:03:07,1876.39,1876.51,1877.6,1877.65,1876.4,1876.46
2023-07-30 17:03:12,1876.35,1876.42,1877.6,1877.65,1876.4,1876.46
2023-07-30 17:03:18,1876.24,1876.33,1877.6,1877.65,1876.4,1876.46
2023-07-30 17:03:24,1876.28,1876.39,1877.6,1877.65,1876.4,1876.46
2023-07-30 17:03:29,1875.65,1875.77,1876.75,1876.8,1875.51,1875.57
2023-07-30 17:03:35,1875.61,1875.7,1876.75,1876.8,1875.52,1875.58
2023-07-30 17:03:41,1875.55,1875.65,1876.75,1876.8,1875.52,1875.58
2023-07-30 17:03:46,1875.57,1875.65,1876.75,1876.8,1875.52,1875.58
2023-07-30 17:03:52,1875.44,1875.55,1876.75,1876.8,1875.52,1875.58
2023-07-30 17:03:58,1875.51,1875.59,1876.75,1876.8,1875.31,1875.37
2023-07-30 17:04:04,1875.6,1875.69,1876.75,1876.8,1875.48,1875.54
2023-07-30 17:04:09,1875.61,1875.72,1876.75,1876.8,1875.48,1875.54
2023-07-30 17:04:15,1875.64,1875.74,1876.75,1876.8,1875.48,1875.54
2023-07-30 17:04:21,1875.61,1875.73,1876.75,1876.8,1875.48,1875.54
2023-07-30 17:04:26,1875.6,1875.71,1876.75,1876.8,1875.48,1875.54
2023-07-30 17:04:32,1875.64,1875.79,1876.75,1876.8,1875.48,1875.54
2023-07-30 17:04:38,1875.66,1875.79,1876.75,1876.8,1875.48,1875.54
2023-07-30 17:04:43,1875.56,1875.61,1876.75,1876.8,1875.48,1875.54
2023-07-30 17:04:49,1875.61,1875.64,1876.75,1876.8,1875.48,1875.54
2023-07-30 17:04:55,1875.68,1875.79,1876.75,1876.8,1875.48,1875.54
2023-07-30 17:05:00,1875.64,1875.77,1876.75,1876.8,1875.48,1875.54
2023-07-30 17:05:06,1875.67,1875.76,1876.75,1876.8,1875.48,1875.54
2023-07-30 17:05:12,1875.62,1875.76,1876.75,1876.8,1875.48,1875.54
2023-07-30 17:05:17,1875.62,1875.74,1876.75,1876.8,1875.48,1875.54
2023-07-30 17:05:23,1875.63,1875.74,1876.75,1876.8,1875.48,1875.54
2023-07-30 17:05:29,1875.62,1875.71,1876.75,1876.8,1875.48,1875.54
2023-07-30 17:05:35,1875.63,1875.7,1876.75,1876.8,1875.48,1875.54
2023-07-30 17:05:40,1875.69,1875.78,1876.75,1876.8,1875.48,1875.54
2023-07-30 17:05:46,1875.74,1875.85,1876.75,1876.8,1875.48,1875.54
2023-07-30 17:05:52,1875.62,1875.69,1876.75,1876.8,1875.48,1875.54
2023-07-30 17:05:57,1875.96,1876.08,1876.95,1877.0,1875.55,1875.61
2023-07-30 17:06:03,1876.01,1876.11,1876.95,1877.0,1875.55,1875.61
2023-07-30 17:06:09,1875.91,1876.14,1876.95,1877.0,1875.55,1875.61
2023-07-30 17:06:15,1876.05,1876.15,1876.95,1877.0,1875.55,1875.61
2023-07-30 17:06:20,1876.09,1876.19,1876.95,1877.0,1875.55,1875.61
2023-07-30 17:06:26,1876.21,1876.24,1876.95,1877.0,1875.55,1875.61
2023-07-30 17:06:32,1876.47,1876.57,1877.25,1877.3,1875.82,1876.12
2023-07-30 17:06:37,1876.41,1876.53,1877.25,1877.3,1876.04,1876.1
2023-07-30 17:06:43,1876.41,1876.54,1877.25,1877.3,1876.04,1876.1
2023-07-30 17:06:49,1875.81,1875.9,1877.25,1877.3,1876.04,1876.1
2023-07-30 17:06:55,1875.83,1875.92,1877.25,1877.3,1875.22,1875.67
2023-07-30 17:07:00,1875.91,1875.97,1877.25,1877.3,1875.22,1875.67
2023-07-30 17:07:06,1875.81,1875.89,1877.25,1877.3,1876.0,1876.06
2023-07-30 17:07:12,1875.81,1875.92,1877.25,1877.3,1876.0,1876.06
2023-07-30 17:07:17,1875.73,1875.83,1877.25,1877.3,1876.0,1876.06
2023-07-30 17:07:23,1875.65,1875.75,1877.25,1877.3,1875.22,1875.59
2023-07-30 17:07:29,1875.66,1875.79,1877.25,1877.3,1875.22,1875.49
2023-07-30 17:07:34,1875.73,1875.83,1877.25,1877.3,1875.22,1875.45
2023-07-30 17:07:40,1875.65,1875.79,1877.25,1877.3,1875.22,1875.41
2023-07-30 17:07:46,1875.63,1875.79,1877.25,1877.3,1875.22,1875.41
2023-07-30 17:07:52,1875.82,1875.86,1877.25,1877.3,1875.22,1875.41
2023-07-30 17:07:57,1875.7,1875.85,1877.25,1877.3,1875.22,1875.41
2023-07-30 17:08:03,1875.61,1875.78,1877.25,1877.3,1875.22,1875.41
2023-07-30 17:08:09,1875.68,1875.78,1877.25,1877.3,1875.22,1875.32
2023-07-30 17:08:14,1875.71,1875.8,1877.25,1877.3,1875.22,1875.31
2023-07-30 17:08:20,1875.79,1875.92,1877.25,1877.3,1875.22,1875.31
2023-07-30 17:08:26,1875.7,1875.77,1877.25,1877.3,1875.22,1875.31
2023-07-30 17:08:31,1875.74,1875.86,1877.25,1877.3,1875.22,1875.31
2023-07-30 17:08:37,1875.71,1875.85,1877.25,1877.3,1875.22,1875.31
2023-07-30 17:08:43,1875.61,1875.75,1877.25,1877.3,1875.22,1875.29
2023-07-30 17:08:49,1875.61,1875.75,1877.25,1877.3,1875.25,1875.31
2023-07-30 17:08:54,1875.59,1875.72,1877.15,1877.2,1875.25,1875.31
2023-07-30 17:09:00,1875.66,1875.75,1877.15,1877.2,1875.25,1875.31
2023-07-30 17:09:06,1875.64,1875.77,1877.15,1877.2,1875.25,1875.31
2023-07-30 17:09:11,1875.65,1875.79,1877.15,1877.2,1875.25,1875.31
2023-07-30 17:09:17,1875.66,1875.79,1877.15,1877.2,1875.25,1875.31
2023-07-30 17:09:23,1875.61,1875.77,1877.15,1877.2,1875.25,1875.31
2023-07-30 17:09:28,1875.71,1875.76,1877.15,1877.2,1875.25,1875.31
2023-07-30 17:09:34,1875.67,1875.83,1877.15,1877.2,1875.25,1875.31
2023-07-30 17:09:40,1875.64,1875.75,1877.15,1877.2,1875.25,1875.31
2023-07-30 17:09:46,1875.47,1875.58,1877.15,1877.2,1875.25,1875.31
2023-07-30 17:09:51,1875.27,1875.35,1876.75,1876.8,1875.25,1875.31
2023-07-30 17:09:57,1875.25,1875.36,1876.75,1876.8,1875.25,1875.31
2023-07-30 17:10:03,1875.18,1875.3,1876.75,1876.8,1875.25,1875.31
2023-07-30 17:10:08,1875.26,1875.37,1876.65,1876.7,1875.15,1875.21
2023-07-30 17:10:14,1875.14,1875.27,1876.65,1876.7,1874.63,1874.69
2023-07-30 17:10:20,1875.3,1875.4,1876.65,1876.7,1874.63,1874.69
2023-07-30 17:10:26,1875.28,1875.4,1876.65,1876.7,1874.63,1874.69
2023-07-30 17:10:31,1875.29,1875.4,1876.65,1876.7,1874.63,1874.69
2023-07-30 17:10:37,1875.13,1875.28,1876.65,1876.7,1874.63,1874.69
2023-07-30 17:10:43,1875.2,1875.33,1876.65,1876.7,1874.63,1874.69
2023-07-30 17:10:48,1875.2,1875.33,1876.65,1876.7,1874.63,1874.69
2023-07-30 17:10:54,1875.18,1875.33,1876.65,1876.7,1874.63,1874.69
2023-07-30 17:11:00,1875.07,1875.19,1876.35,1876.4,1874.63,1874.69
2023-07-30 17:11:05,1875.04,1875.14,1876.35,1876.4,1874.5,1874.56
2023-07-30 17:11:11,1875.01,1875.15,1876.35,1876.4,1874.45,1874.51
2023-07-30 17:11:17,1875.0,1875.08,1876.35,1876.4,1874.45,1874.51
2023-07-30 17:11:23,1874.95,1875.06,1876.35,1876.4,1874.45,1874.51
2023-07-30 17:11:28,1874.71,1874.85,1875.85,1875.9,1874.26,1874.32
2023-07-30 17:11:34,1874.69,1874.8,1875.85,1875.9,1874.26,1874.32
2023-07-30 17:11:40,1874.7,1874.78,1875.85,1875.9,1874.26,1874.32
2023-07-30 17:11:45,1874.64,1874.78,1875.85,1875.9,1874.26,1874.32
2023-07-30 17:11:51,1874.66,1874.75,1875.7,1875.75,1874.26,1874.32
2023-07-30 17:11:57,1874.63,1874.75,1875.7,1875.75,1874.26,1874.32
2023-07-30 17:12:02,1875.27,1875.39,1876.2,1876.25,1874.33,1874.55
2023-07-30 17:12:08,1875.14,1875.26,1876.25,1876.3,1874.48,1874.54
2023-07-30 17:12:14,1875.16,1875.23,1876.25,1876.3,1874.48,1874.54
2023-07-30 17:12:19,1875.14,1875.32,1876.25,1876.3,1874.48,1874.54
2023-07-30 17:12:25,1875.15,1875.32,1876.25,1876.3,1874.48,1874.54
2023-07-30 17:12:31,1875.12,1875.24,1876.25,1876.3,1874.48,1874.54
2023-07-30 17:12:37,1875.08,1875.19,1876.25,1876.3,1874.48,1874.54
2023-07-30 17:12:42,1875.2,1875.28,1876.25,1876.3,1874.48,1874.54
2023-07-30 17:12:48,1875.3,1875.44,1876.25,1876.3,1874.48,1874.54
2023-07-30 17:12:54,1875.3,1875.45,1876.25,1876.3,1874.48,1874.54
2023-07-30 17:12:59,1875.3,1875.4,1876.25,1876.3,1874.48,1874.54
2023-07-30 17:13:05,1875.01,1875.12,1876.25,1876.3,1874.48,1874.54
2023-07-30 17:13:11,1875.43,1875.52,1876.25,1876.3,1874.48,1874.54
2023-07-30 17:13:16,1875.43,1875.53,1876.25,1876.3,1874.48,1874.54
2023-07-30 17:13:22,1875.39,1875.53,1876.25,1876.3,1874.48,1874.54
2023-07-30 17:13:28,1875.32,1875.43,1876.25,1876.3,1874.48,1874.54
2023-07-30 17:13:33,1875.21,1875.32,1876.25,1876.3,1874.48,1874.54
2023-07-30 17:13:39,1875.21,1875.35,1876.25,1876.3,1874.48,1874.54
2023-07-30 17:13:45,1875.21,1875.34,1876.25,1876.3,1874.48,1874.54
2023-07-30 17:13:51,1875.25,1875.36,1876.25,1876.3,1874.48,1874.54
2023-07-30 17:13:56,1875.13,1875.26,1876.25,1876.3,1874.48,1874.54
2023-07-30 17:14:02,1875.0,1875.1,1876.25,1876.3,1874.48,1874.54
2023-07-30 17:14:08,1875.16,1875.35,1876.25,1876.3,1874.48,1874.54
2023-07-30 17:14:13,1875.12,1875.25,1876.25,1876.3,1874.48,1874.54
2023-07-30 17:14:19,1875.07,1875.22,1876.25,1876.3,1874.48,1874.54
2023-07-30 17:14:25,1875.05,1875.18,1876.25,1876.3,1874.48,1874.54
2023-07-30 17:14:31,1875.03,1875.08,1876.25,1876.3,1874.48,1874.54
2023-07-30 17:14:36,1875.04,1875.15,1876.25,1876.3,1874.48,1874.54
2023-07-30 17:14:42,1874.98,1875.06,1876.25,1876.3,1874.48,1874.54
2023-07-30 17:14:48,1874.81,1874.95,1876.25,1876.3,1874.48,1874.54
2023-07-30 17:14:53,1874.67,1874.84,1876.25,1876.3,1874.48,1874.54
2023-07-30 17:14:59,1874.49,1874.59,1875.55,1875.6,1874.02,1874.08
2023-07-30 17:15:05,1874.55,1874.65,1875.55,1875.6,1874.02,1874.08
2023-07-30 17:15:10,1874.55,1874.6,1875.55,1875.6,1874.02,1874.08
2023-07-30 17:15:16,1874.53,1874.64,1875.55,1875.6,1874.02,1874.08
2023-07-30 17:15:22,1874.61,1874.77,1875.55,1875.6,1874.02,1874.08
2023-07-30 17:15:27,1874.69,1874.79,1875.55,1875.6,1874.02,1874.08
2023-07-30 17:15:33,1874.55,1874.6,1875.55,1875.6,1874.02,1874.08
2023-07-30 17:15:39,1874.47,1874.57,1875.55,1875.6,1874.02,1874.08
2023-07-30 17:15:44,1874.61,1874.84,1875.55,1875.6,1874.02,1874.08
2023-07-30 17:15:50,1874.72,1874.83,1875.55,1875.6,1874.02,1874.08
2023-07-30 17:15:56,1874.7,1874.79,1875.55,1875.6,1874.02,1874.08
2023-07-30 17:16:02,1874.67,1874.77,1875.55,1875.6,1874.02,1874.08
2023-07-30 17:16:07,1874.63,1874.8,1875.55,1875.6,1874.02,1874.08
2023-07-30 17:16:13,1874.63,1874.79,1875.55,1875.6,1874.02,1874.08
2023-07-30 17:16:19,1874.63,1874.76,1875.55,1875.6,1874.02,1874.08
2023-07-30 17:16:24,1874.67,1874.83,1875.55,1875.6,1874.02,1874.08
2023-07-30 17:16:30,1874.67,1874.81,1875.55,1875.6,1874.02,1874.08
2023-07-30 17:16:36,1874.63,1874.72,1875.55,1875.6,1874.02,1874.08
2023-07-30 17:16:41,1874.62,1874.72,1875.6,1875.65,1874.02,1874.08
2023-07-30 17:16:47,1874.55,1874.7,1875.6,1875.65,1874.02,1874.08
2023-07-30 17:16:53,1874.65,1874.74,1875.6,1875.65,1874.02,1874.08
2023-07-30 17:16:59,1874.67,1874.75,1875.6,1875.65,1874.02,1874.08
2023-07-30 17:17:05,1874.7,1874.81,1875.6,1875.65,1874.02,1874.08
2023-07-30 17:17:10,1874.87,1874.92,1875.6,1875.65,1874.02,1874.08
2023-07-30 17:17:16,1874.81,1874.91,1875.6,1875.65,1874.02,1874.08
2023-07-30 17:17:22,1874.81,1874.91,1875.6,1875.65,1874.02,1874.08
2023-07-30 17:17:27,1874.81,1874.91,1875.6,1875.65,1874.02,1874.08
2023-07-30 17:17:33,1874.85,1874.93,1875.6,1875.65,1874.02,1874.08
2023-07-30 17:17:39,1874.86,1874.96,1875.6,1875.65,1874.02,1874.08
2023-07-30 17:17:44,1874.95,1875.06,1875.6,1875.65,1874.02,1874.08
2023-07-30 17:17:50,1874.91,1875.03,1875.6,1875.65,1874.02,1874.08
2023-07-30 17:17:56,1874.97,1875.08,1875.6,1875.65,1874.02,1874.08
2023-07-30 17:18:02,1874.94,1875.1,1875.6,1875.65,1874.02,1874.08
2023-07-30 17:18:07,1874.82,1874.94,1875.6,1875.65,1874.02,1874.08
2023-07-30 17:18:13,1874.87,1875.0,1875.6,1875.65,1874.02,1874.08
2023-07-30 17:18:19,1875.07,1875.17,1875.6,1875.65,1874.02,1874.08
2023-07-30 17:18:24,1875.09,1875.19,1875.6,1875.65,1874.37,1874.43
2023-07-30 17:18:30,1875.1,1875.19,1875.6,1875.65,1874.37,1874.43
2023-07-30 17:18:36,1875.14,1875.24,1875.6,1875.65,1874.37,1874.43
2023-07-30 17:18:41,1875.14,1875.27,1875.6,1875.65,1874.37,1874.43
2023-07-30 17:18:47,1875.32,1875.4,1875.85,1875.9,1874.45,1874.51
2023-07-30 17:18:53,1875.2,1875.33,1875.85,1875.9,1874.45,1874.51
2023-07-30 17:18:58,1875.21,1875.33,1875.85,1875.9,1874.45,1874.51
2023-07-30 17:19:04,1875.21,1875.33,1875.85,1875.9,1874.45,1874.51
2023-07-30 17:19:10,1875.29,1875.37,1875.95,1876.0,1874.66,1874.72
2023-07-30 17:19:16,1875.31,1875.46,1875.95,1876.0,1874.66,1874.72
2023-07-30 17:19:21,1875.36,1875.46,1875.95,1876.0,1874.66,1874.72
2023-07-30 17:19:27,1875.31,1875.43,1875.95,1876.0,1874.66,1874.72
2023-07-30 17:19:33,1875.36,1875.48,1875.95,1876.0,1874.66,1874.72
2023-07-30 17:19:38,1875.31,1875.46,1875.95,1876.0,1874.66,1874.72
2023-07-30 17:19:44,1875.31,1875.43,1875.95,1876.0,1874.66,1874.72
2023-07-30 17:19:50,1875.48,1875.58,1875.95,1876.0,1874.86,1874.92
2023-07-30 17:19:55,1875.5,1875.58,1875.95,1876.0,1874.86,1874.92
2023-07-30 17:20:01,1875.42,1875.51,1875.95,1876.0,1874.86,1874.92
2023-07-30 17:20:07,1875.48,1875.58,1875.95,1876.0,1874.86,1874.92
2023-07-30 17:20:13,1875.44,1875.54,1875.95,1876.0,1874.86,1874.92
2023-07-30 17:20:18,1875.38,1875.49,1875.95,1876.0,1874.86,1874.92
2023-07-30 17:20:24,1875.31,1875.38,1875.95,1876.0,1874.86,1874.92
2023-07-30 17:20:30,1875.23,1875.3,1875.95,1876.0,1874.86,1874.92
2023-07-30 17:20:35,1875.24,1875.34,1875.95,1876.0,1874.86,1874.92
2023-07-30 17:20:41,1875.24,1875.33,1875.95,1876.0,1874.86,1874.92
2023-07-30 17:20:47,1875.24,1875.32,1875.95,1876.0,1874.86,1874.92
2023-07-30 17:20:52,1875.23,1875.31,1875.95,1876.0,1874.86,1874.92
2023-07-30 17:20:58,1875.23,1875.33,1875.95,1876.0,1874.86,1874.92
2023-07-30 17:21:04,1875.28,1875.38,1875.95,1876.0,1874.86,1874.92
2023-07-30 17:21:09,1875.43,1875.49,1875.95,1876.0,1874.86,1874.92
2023-07-30 17:21:15,1875.39,1875.5,1875.95,1876.0,1874.86,1874.92
2023-07-30 17:21:21,1875.41,1875.51,1875.95,1876.0,1874.86,1874.92
2023-07-30 17:21:27,1875.41,1875.5,1875.95,1876.0,1874.86,1874.92
2023-07-30 17:21:32,1875.5,1875.6,1875.95,1876.0,1874.86,1874.92
2023-07-30 17:21:38,1875.49,1875.6,1875.95,1876.0,1874.86,1874.92
2023-07-30 17:21:44,1875.53,1875.66,1875.95,1876.0,1874.86,1874.92
2023-07-30 17:21:50,1875.49,1875.61,1875.95,1876.0,1874.86,1874.92
2023-07-30 17:21:55,1875.5,1875.64,1875.95,1876.0,1874.86,1874.92
2023-07-30 17:22:01,1875.49,1875.64,1875.95,1876.0,1874.86,1874.92
2023-07-30 17:22:07,1875.57,1875.73,1876.25,1876.3,1874.86,1874.92
2023-07-30 17:22:12,1875.58,1875.69,1876.25,1876.3,1874.86,1874.92
2023-07-30 17:22:18,1875.55,1875.66,1876.25,1876.3,1874.86,1874.92
2023-07-30 17:22:24,1875.55,1875.59,1876.25,1876.3,1874.86,1874.92
2023-07-30 17:22:29,1875.48,1875.63,1876.25,1876.3,1874.86,1874.92
2023-07-30 17:22:35,1875.39,1875.56,1876.25,1876.3,1874.86,1874.92
2023-07-30 17:22:41,1875.4,1875.56,1876.25,1876.3,1874.86,1874.92
2023-07-30 17:22:46,1875.4,1875.56,1876.25,1876.3,1874.86,1874.92
2023-07-30 17:22:52,1875.35,1875.46,1876.25,1876.3,1874.86,1874.92
2023-07-30 17:22:58,1875.36,1875.49,1876.25,1876.3,1874.86,1874.92
2023-07-30 17:23:04,1875.32,1875.44,1876.25,1876.3,1874.86,1874.92
2023-07-30 17:23:09,1875.33,1875.46,1876.25,1876.3,1874.86,1874.92
2023-07-30 17:23:15,1875.33,1875.47,1876.25,1876.3,1874.86,1874.92
2023-07-30 17:23:21,1875.33,1875.45,1876.25,1876.3,1874.86,1874.92
2023-07-30 17:23:26,1875.33,1875.44,1876.25,1876.3,1874.86,1874.92
2023-07-30 17:23:32,1875.37,1875.47,1876.25,1876.3,1874.86,1874.92
2023-07-30 17:23:38,1875.4,1875.5,1876.25,1876.3,1874.86,1874.92
2023-07-30 17:23:43,1875.38,1875.49,1876.25,1876.3,1874.86,1874.92
2023-07-30 17:23:49,1875.41,1875.55,1876.25,1876.3,1874.86,1874.92
2023-07-30 17:23:55,1875.45,1875.59,1876.4,1876.45,1874.86,1874.92
2023-07-30 17:24:01,1875.56,1875.67,1876.4,1876.45,1874.86,1874.92
2023-07-30 17:24:06,1875.5,1875.61,1876.45,1876.5,1874.86,1874.92
2023-07-30 17:24:12,1875.45,1875.61,1876.45,1876.5,1874.86,1874.92
2023-07-30 17:24:18,1875.78,1875.93,1876.45,1876.5,1875.1,1875.16
2023-07-30 17:24:23,1875.77,1875.94,1876.45,1876.5,1875.1,1875.16
2023-07-30 17:24:29,1875.77,1875.89,1876.45,1876.5,1875.1,1875.16
2023-07-30 17:24:35,1875.73,1875.87,1876.45,1876.5,1875.1,1875.16
2023-07-30 17:24:41,1875.48,1875.59,1876.45,1876.5,1875.1,1875.16
2023-07-30 17:24:46,1875.48,1875.59,1876.45,1876.5,1875.1,1875.16
2023-07-30 17:24:52,1875.31,1875.4,1876.45,1876.5,1875.1,1875.16
2023-07-30 17:24:58,1875.29,1875.39,1876.45,1876.5,1875.1,1875.16
2023-07-30 17:25:03,1875.25,1875.35,1876.45,1876.5,1875.1,1875.16
2023-07-30 17:25:09,1875.25,1875.35,1876.45,1876.5,1875.1,1875.16
2023-07-30 17:25:15,1875.24,1875.35,1876.45,1876.5,1875.1,1875.16
2023-07-30 17:25:20,1875.22,1875.33,1876.45,1876.5,1875.1,1875.16
2023-07-30 17:25:26,1875.22,1875.33,1876.45,1876.5,1875.1,1875.16
2023-07-30 17:25:32,1875.23,1875.37,1876.45,1876.5,1875.1,1875.16
2023-07-30 17:25:37,1875.35,1875.46,1876.45,1876.5,1875.1,1875.16
2023-07-30 17:25:43,1875.25,1875.44,1876.45,1876.5,1875.1,1875.16
2023-07-30 17:25:49,1874.81,1874.97,1876.3,1876.35,1874.69,1874.75
2023-07-30 17:25:55,1875.0,1875.14,1876.3,1876.35,1874.69,1874.75
2023-07-30 17:26:00,1875.03,1875.15,1876.3,1876.35,1874.69,1874.75
2023-07-30 17:26:06,1875.0,1875.13,1876.3,1876.35,1874.69,1874.75
2023-07-30 17:26:12,1875.04,1875.16,1876.3,1876.35,1874.69,1874.75
2023-07-30 17:26:17,1875.01,1875.13,1876.3,1876.35,1874.69,1874.75
2023-07-30 17:26:23,1875.0,1875.11,1876.3,1876.35,1874.69,1874.75
2023-07-30 17:26:29,1875.41,1875.52,1876.3,1876.35,1874.72,1874.78
2023-07-30 17:26:35,1875.46,1875.57,1876.3,1876.35,1874.92,1874.98
2023-07-30 17:26:40,1875.55,1875.62,1876.35,1876.4,1874.92,1874.98
2023-07-30 17:26:46,1875.52,1875.64,1876.35,1876.4,1874.92,1874.98
2023-07-30 17:26:52,1875.64,1875.71,1876.4,1876.45,1874.92,1874.98
2023-07-30 17:26:57,1875.61,1875.71,1876.4,1876.45,1874.92,1874.98
2023-07-30 17:27:03,1875.57,1875.71,1876.4,1876.45,1874.92,1874.98
2023-07-30 17:27:09,1875.53,1875.68,1876.4,1876.45,1874.92,1874.98
2023-07-30 17:27:15,1875.42,1875.6,1876.4,1876.45,1874.92,1874.98
2023-07-30 17:27:20,1875.41,1875.59,1876.6,1876.65,1874.92,1874.98
2023-07-30 17:27:26,1875.33,1875.49,1876.6,1876.65,1874.92,1874.98
2023-07-30 17:27:32,1875.33,1875.49,1876.6,1876.65,1874.92,1874.98
2023-07-30 17:27:37,1875.33,1875.49,1876.6,1876.65,1874.92,1874.98
2023-07-30 17:27:43,1875.33,1875.49,1876.6,1876.65,1874.92,1874.98
2023-07-30 17:27:49,1875.33,1875.49,1876.6,1876.65,1874.92,1874.98
2023-07-30 17:27:55,1875.51,1875.76,1876.6,1876.65,1874.92,1874.98
2023-07-30 17:28:00,1875.68,1875.85,1876.9,1876.95,1875.11,1875.17
2023-07-30 17:28:06,1875.68,1875.82,1876.9,1876.95,1875.11,1875.17
2023-07-30 17:28:12,1875.64,1875.75,1876.9,1876.95,1875.11,1875.17
2023-07-30 17:28:17,1875.7,1875.85,1876.9,1876.95,1875.11,1875.17
2023-07-30 17:28:23,1875.9,1876.04,1876.9,1876.95,1875.11,1875.17
2023-07-30 17:28:29,1875.91,1876.05,1876.9,1876.95,1875.31,1875.37
2023-07-30 17:28:34,1875.89,1876.0,1876.9,1876.95,1875.31,1875.37
2023-07-30 17:28:40,1875.89,1876.03,1876.9,1876.95,1875.31,1875.37
2023-07-30 17:28:46,1875.98,1876.09,1876.9,1876.95,1875.31,1875.37
2023-07-30 17:28:51,1875.92,1876.01,1876.9,1876.95,1875.31,1875.37
2023-07-30 17:28:57,1876.04,1876.19,1876.9,1876.95,1875.31,1875.37
2023-07-30 17:29:03,1875.98,1876.08,1876.95,1877.0,1875.31,1875.37
2023-07-30 17:29:08,1875.8,1875.91,1876.95,1877.0,1875.31,1875.37
2023-07-30 17:29:14,1875.82,1875.92,1876.95,1877.0,1875.31,1875.37
2023-07-30 17:29:20,1875.88,1875.98,1876.95,1877.0,1875.31,1875.37
2023-07-30 17:29:26,1875.86,1875.96,1876.95,1877.0,1875.31,1875.37
2023-07-30 17:29:31,1875.88,1875.98,1876.95,1877.0,1875.31,1875.37
2023-07-30 17:29:37,1875.88,1875.98,1876.95,1877.0,1875.31,1875.37
2023-07-30 17:29:43,1875.83,1875.92,1876.95,1877.0,1875.31,1875.37
2023-07-30 17:29:48,1875.72,1875.79,1876.95,1877.0,1875.31,1875.37
2023-07-30 17:29:54,1875.76,1875.84,1876.95,1877.0,1875.31,1875.37
2023-07-30 17:30:00,1875.77,1875.89,1876.95,1877.0,1875.31,1875.37
2023-07-30 17:30:05,1875.81,1875.91,1876.95,1877.0,1875.31,1875.37
2023-07-30 17:30:11,1875.59,1875.71,1876.95,1877.0,1875.31,1875.37
2023-07-30 17:30:17,1875.61,1875.63,1876.95,1877.0,1875.31,1875.37
2023-07-30 17:30:23,1875.61,1875.75,1876.95,1877.0,1875.31,1875.37
2023-07-30 17:30:28,1875.68,1875.79,1876.95,1877.0,1875.31,1875.37
2023-07-30 17:30:34,1875.68,1875.79,1876.95,1877.0,1875.31,1875.37
2023-07-30 17:30:40,1875.64,1875.7,1876.95,1877.0,1875.31,1875.37
2023-07-30 17:30:45,1875.64,1875.7,1876.95,1877.0,1875.31,1875.37
2023-07-30 17:30:51,1875.66,1875.84,1876.95,1877.0,1875.31,1875.37
2023-07-30 17:30:57,1875.68,1875.77,1876.95,1877.0,1875.31,1875.37
2023-07-30 17:31:02,1875.68,1875.79,1876.95,1877.0,1875.31,1875.37
2023-07-30 17:31:08,1875.68,1875.79,1876.95,1877.0,1875.31,1875.37
2023-07-30 17:31:14,1875.72,1875.82,1876.95,1877.0,1875.31,1875.37
2023-07-30 17:31:20,1875.58,1875.65,1876.95,1877.0,1875.31,1875.37
2023-07-30 17:31:25,1875.53,1875.58,1876.95,1877.0,1875.31,1875.37
2023-07-30 17:31:31,1875.47,1875.54,1876.95,1877.0,1875.31,1875.37
2023-07-30 17:31:37,1875.49,1875.59,1876.95,1877.0,1875.31,1875.37
2023-07-30 17:31:42,1875.5,1875.56,1876.95,1877.0,1875.31,1875.37
2023-07-30 17:31:48,1875.46,1875.56,1876.95,1877.0,1875.31,1875.37
2023-07-30 17:31:54,1875.5,1875.59,1876.95,1877.0,1875.31,1875.37
2023-07-30 17:31:59,1875.55,1875.68,1876.95,1877.0,1875.31,1875.37
2023-07-30 17:32:05,1875.69,1875.79,1876.95,1877.0,1875.31,1875.37
2023-07-30 17:32:11,1875.67,1875.74,1876.95,1877.0,1875.31,1875.37
2023-07-30 17:32:17,1875.67,1875.68,1876.95,1877.0,1875.31,1875.37
2023-07-30 17:32:22,1875.64,1875.74,1876.95,1877.0,1875.31,1875.37
2023-07-30 17:32:28,1875.67,1875.75,1876.95,1877.0,1875.31,1875.37
2023-07-30 17:32:34,1875.67,1875.75,1876.95,1877.0,1875.31,1875.37
2023-07-30 17:32:39,1875.67,1875.76,1876.95,1877.0,1875.31,1875.37
2023-07-30 17:32:45,1875.74,1875.79,1876.95,1877.0,1875.31,1875.37
2023-07-30 17:32:51,1875.69,1875.79,1876.95,1877.0,1875.31,1875.37
2023-07-30 17:32:57,1875.69,1875.78,1876.95,1877.0,1875.31,1875.37
2023-07-30 17:33:02,1875.64,1875.77,1876.95,1877.0,1875.31,1875.37
2023-07-30 17:33:08,1875.53,1875.64,1876.95,1877.0,1875.31,1875.37
2023-07-30 17:33:14,1875.53,1875.6,1876.95,1877.0,1875.31,1875.37
2023-07-30 17:33:19,1875.43,1875.52,1876.95,1877.0,1875.31,1875.37
2023-07-30 17:33:25,1875.43,1875.52,1876.95,1877.0,1875.31,1875.37
2023-07-30 17:33:31,1875.5,1875.62,1876.95,1877.0,1875.31,1875.37
2023-07-30 17:33:36,1875.48,1875.62,1876.95,1877.0,1875.31,1875.37
2023-07-30 17:33:42,1875.47,1875.63,1876.95,1877.0,1875.31,1875.37
2023-07-30 17:33:48,1875.62,1875.69,1876.95,1877.0,1875.31,1875.37
2023-07-30 17:33:54,1875.53,1875.6,1876.95,1877.0,1875.31,1875.37
2023-07-30 17:33:59,1875.53,1875.58,1876.95,1877.0,1875.31,1875.37
2023-07-30 17:34:05,1875.48,1875.6,1876.95,1877.0,1875.31,1875.37
2023-07-30 17:34:11,1875.58,1875.68,1876.95,1877.0,1875.31,1875.37
2023-07-30 17:34:17,1875.55,1875.59,1876.95,1877.0,1875.31,1875.37
2023-07-30 17:34:22,1875.57,1875.68,1876.95,1877.0,1875.31,1875.37
2023-07-30 17:34:28,1875.57,1875.68,1876.95,1877.0,1875.31,1875.37
2023-07-30 17:34:34,1875.58,1875.68,1876.95,1877.0,1875.31,1875.37
2023-07-30 17:34:39,1875.57,1875.68,1876.95,1877.0,1875.31,1875.37
2023-07-30 17:34:45,1875.61,1875.74,1876.95,1877.0,1875.31,1875.37
2023-07-30 17:34:51,1875.63,1875.76,1876.95,1877.0,1875.31,1875.37
2023-07-30 17:34:57,1875.63,1875.74,1876.95,1877.0,1875.31,1875.37
2023-07-30 17:35:02,1875.6,1875.61,1876.95,1877.0,1875.31,1875.37
2023-07-30 17:35:08,1875.61,1875.77,1876.95,1877.0,1875.31,1875.37
2023-07-30 17:35:14,1875.57,1875.74,1876.95,1877.0,1875.31,1875.37
2023-07-30 17:35:19,1875.57,1875.68,1876.95,1877.0,1875.31,1875.37
2023-07-30 17:35:25,1875.61,1875.69,1876.95,1877.0,1875.31,1875.37
2023-07-30 17:35:31,1875.56,1875.62,1876.95,1877.0,1875.31,1875.37
2023-07-30 17:35:36,1875.6,1875.74,1876.95,1877.0,1875.31,1875.37
2023-07-30 17:35:42,1875.47,1875.6,1876.95,1877.0,1875.31,1875.37
2023-07-30 17:35:48,1875.36,1875.43,1876.95,1877.0,1875.31,1875.37
2023-07-30 17:35:54,1875.4,1875.47,1876.95,1877.0,1875.31,1875.37
2023-07-30 17:35:59,1875.43,1875.47,1876.95,1877.0,1875.31,1875.37
2023-07-30 17:36:05,1875.38,1875.47,1876.95,1877.0,1875.31,1875.37
2023-07-30 17:36:11,1875.28,1875.39,1876.95,1877.0,1875.31,1875.37
2023-07-30 17:36:16,1875.31,1875.45,1876.95,1877.0,1875.31,1875.37
2023-07-30 17:36:22,1875.39,1875.46,1876.95,1877.0,1875.31,1875.37
2023-07-30 17:36:28,1875.3,1875.4,1876.95,1877.0,1875.31,1875.37
2023-07-30 17:36:33,1875.47,1875.59,1876.95,1877.0,1875.31,1875.37
2023-07-30 17:36:39,1875.46,1875.6,1876.95,1877.0,1875.31,1875.37
2023-07-30 17:36:45,1875.5,1875.6,1876.95,1877.0,1875.31,1875.37
2023-07-30 17:36:50,1875.44,1875.59,1876.95,1877.0,1875.31,1875.37
2023-07-30 17:36:56,1875.44,1875.59,1876.95,1877.0,1875.31,1875.37
2023-07-30 17:37:02,1875.56,1875.67,1876.95,1877.0,1875.31,1875.37
2023-07-30 17:37:08,1875.51,1875.69,1876.95,1877.0,1875.31,1875.37
2023-07-30 17:37:13,1875.51,1875.67,1876.95,1877.0,1875.31,1875.37
2023-07-30 17:37:19,1875.6,1875.7,1876.95,1877.0,1875.31,1875.37
2023-07-30 17:37:25,1875.58,1875.7,1876.95,1877.0,1875.31,1875.37
2023-07-30 17:37:30,1875.45,1875.62,1876.95,1877.0,1875.31,1875.37
2023-07-30 17:37:36,1875.43,1875.58,1876.95,1877.0,1875.31,1875.37
2023-07-30 17:37:42,1875.46,1875.57,1876.95,1877.0,1875.31,1875.37
2023-07-30 17:37:47,1875.5,1875.62,1876.95,1877.0,1875.31,1875.37
2023-07-30 17:37:53,1875.45,1875.62,1877.0,1877.05,1875.31,1875.37
2023-07-30 17:37:59,1875.55,1875.65,1877.05,1877.1,1875.31,1875.37
2023-07-30 17:38:04,1875.67,1875.81,1877.05,1877.1,1875.31,1875.37
2023-07-30 17:38:10,1875.75,1875.87,1877.05,1877.1,1875.31,1875.37
2023-07-30 17:38:16,1875.73,1875.84,1877.05,1877.1,1875.61,1875.67
2023-07-30 17:38:22,1875.77,1875.87,1877.05,1877.1,1875.61,1875.67
2023-07-30 17:38:27,1875.76,1875.91,1877.05,1877.1,1875.61,1875.67
2023-07-30 17:38:33,1875.81,1875.9,1877.05,1877.1,1875.61,1875.67
2023-07-30 17:38:39,1875.96,1876.06,1877.05,1877.1,1875.61,1875.67
2023-07-30 17:38:44,1875.85,1876.0,1877.05,1877.1,1875.61,1875.67
2023-07-30 17:38:50,1875.87,1876.02,1877.05,1877.1,1875.61,1875.67
2023-07-30 17:38:56,1875.96,1876.08,1877.35,1877.4,1875.61,1875.67
2023-07-30 17:39:01,1876.18,1876.26,1877.4,1877.45,1875.61,1875.67
2023-07-30 17:39:07,1876.05,1876.19,1877.4,1877.45,1875.61,1875.67
2023-07-30 17:39:13,1876.01,1876.08,1877.4,1877.45,1875.61,1875.67
2023-07-30 17:39:19,1875.99,1876.13,1877.4,1877.45,1875.61,1875.67
2023-07-30 17:39:24,1875.99,1876.11,1877.4,1877.45,1875.61,1875.67
2023-07-30 17:39:30,1876.09,1876.22,1877.4,1877.45,1875.61,1875.67
2023-07-30 17:39:36,1876.21,1876.24,1877.4,1877.45,1875.61,1875.67
2023-07-30 17:39:41,1876.27,1876.37,1877.4,1877.45,1875.61,1875.67
2023-07-30 17:39:47,1876.4,1876.51,1877.65,1877.7,1875.61,1875.67
2023-07-30 17:39:53,1876.3,1876.44,1877.65,1877.7,1875.61,1875.67
2023-07-30 17:39:58,1876.4,1876.5,1877.65,1877.7,1875.8,1875.86
2023-07-30 17:40:04,1876.33,1876.44,1877.65,1877.7,1875.8,1875.86
2023-07-30 17:40:10,1876.45,1876.6,1877.65,1877.7,1875.8,1875.86
2023-07-30 17:40:15,1876.49,1876.59,1877.65,1877.7,1875.8,1875.86
2023-07-30 17:40:21,1876.5,1876.6,1877.65,1877.7,1875.8,1875.86
2023-07-30 17:40:27,1876.51,1876.59,1877.65,1877.7,1875.8,1875.86
2023-07-30 17:40:33,1876.56,1876.67,1877.65,1877.7,1875.8,1875.86
2023-07-30 17:40:38,1876.51,1876.64,1877.65,1877.7,1875.8,1875.86
2023-07-30 17:40:44,1876.53,1876.65,1877.65,1877.7,1875.8,1875.86
2023-07-30 17:40:50,1876.55,1876.67,1877.65,1877.7,1875.8,1875.86
2023-07-30 17:40:55,1876.08,1876.17,1877.65,1877.7,1875.8,1875.86
2023-07-30 17:41:01,1876.14,1876.25,1877.65,1877.7,1875.8,1875.86
2023-07-30 17:41:07,1876.14,1876.24,1877.65,1877.7,1875.8,1875.86
2023-07-30 17:41:12,1876.11,1876.27,1877.65,1877.7,1875.8,1875.86
2023-07-30 17:41:18,1876.26,1876.36,1877.65,1877.7,1875.8,1875.86
2023-07-30 17:41:24,1876.22,1876.34,1877.65,1877.7,1875.8,1875.86
2023-07-30 17:41:29,1876.2,1876.35,1877.65,1877.7,1875.8,1875.86
2023-07-30 17:41:35,1876.2,1876.35,1877.65,1877.7,1875.8,1875.86
2023-07-30 17:41:41,1876.2,1876.35,1877.65,1877.7,1875.8,1875.86
2023-07-30 17:41:47,1876.27,1876.35,1877.65,1877.7,1875.8,1875.86
2023-07-30 17:41:52,1876.28,1876.37,1877.65,1877.7,1875.8,1875.86
2023-07-30 17:41:58,1876.29,1876.38,1877.65,1877.7,1875.8,1875.86
2023-07-30 17:42:04,1876.27,1876.39,1877.65,1877.7,1875.8,1875.86
2023-07-30 17:42:09,1876.3,1876.39,1877.65,1877.7,1875.8,1875.86
2023-07-30 17:42:15,1876.28,1876.39,1877.65,1877.7,1875.8,1875.86
2023-07-30 17:42:21,1876.35,1876.45,1877.65,1877.7,1875.8,1875.86
2023-07-30 17:42:27,1876.33,1876.45,1877.65,1877.7,1875.8,1875.86
2023-07-30 17:42:32,1876.29,1876.45,1877.65,1877.7,1875.8,1875.86
2023-07-30 17:42:38,1876.33,1876.5,1877.65,1877.7,1875.8,1875.86
2023-07-30 17:42:44,1876.33,1876.49,1877.65,1877.7,1875.8,1875.86
2023-07-30 17:42:49,1876.26,1876.36,1877.65,1877.7,1875.8,1875.86
2023-07-30 17:42:55,1876.28,1876.37,1877.65,1877.7,1875.8,1875.86
2023-07-30 17:43:01,1876.29,1876.38,1877.65,1877.7,1875.8,1875.86
2023-07-30 17:43:06,1876.17,1876.27,1877.65,1877.7,1875.8,1875.86
2023-07-30 17:43:12,1876.2,1876.36,1877.65,1877.7,1875.8,1875.86
2023-07-30 17:43:18,1876.24,1876.35,1877.65,1877.7,1875.8,1875.86
2023-07-30 17:43:24,1876.25,1876.36,1877.65,1877.7,1875.8,1875.86
2023-07-30 17:43:29,1876.25,1876.39,1877.65,1877.7,1875.8,1875.86
2023-07-30 17:43:35,1876.27,1876.39,1877.65,1877.7,1875.8,1875.86
2023-07-30 17:43:41,1876.28,1876.39,1877.65,1877.7,1875.8,1875.86
2023-07-30 17:43:46,1876.35,1876.4,1877.65,1877.7,1875.8,1875.86
2023-07-30 17:43:52,1876.43,1876.52,1877.65,1877.7,1875.8,1875.86
2023-07-30 17:43:58,1876.41,1876.51,1877.65,1877.7,1875.8,1875.86
2023-07-30 17:44:04,1876.39,1876.44,1877.65,1877.7,1875.8,1875.86
2023-07-30 17:44:09,1876.39,1876.47,1877.65,1877.7,1875.8,1875.86
2023-07-30 17:44:15,1876.38,1876.48,1877.65,1877.7,1875.8,1875.86
2023-07-30 17:44:21,1876.36,1876.44,1877.65,1877.7,1875.8,1875.86
2023-07-30 17:44:26,1876.33,1876.45,1877.65,1877.7,1875.8,1875.86
2023-07-30 17:44:32,1876.42,1876.53,1877.65,1877.7,1875.8,1875.86
2023-07-30 17:44:38,1876.42,1876.52,1877.65,1877.7,1875.8,1875.86
2023-07-30 17:44:43,1876.53,1876.56,1877.65,1877.7,1875.8,1875.86
2023-07-30 17:44:49,1876.49,1876.58,1877.65,1877.7,1875.8,1875.86
2023-07-30 17:44:55,1876.42,1876.46,1877.65,1877.7,1875.8,1875.86
2023-07-30 17:45:01,1876.37,1876.39,1877.65,1877.7,1875.8,1875.86
2023-07-30 17:45:06,1876.34,1876.41,1877.65,1877.7,1875.8,1875.86
2023-07-30 17:45:12,1876.28,1876.37,1877.65,1877.7,1875.8,1875.86
2023-07-30 17:45:18,1876.28,1876.37,1877.65,1877.7,1875.8,1875.86
2023-07-30 17:45:23,1876.26,1876.35,1877.65,1877.7,1875.8,1875.86
2023-07-30 17:45:29,1876.31,1876.47,1877.65,1877.7,1875.8,1875.86
2023-07-30 17:45:35,1876.31,1876.47,1877.65,1877.7,1875.8,1875.86
2023-07-30 17:45:40,1876.32,1876.47,1877.65,1877.7,1875.8,1875.86
2023-07-30 17:45:46,1876.32,1876.47,1877.65,1877.7,1875.8,1875.86
2023-07-30 17:45:52,1876.39,1876.57,1877.65,1877.7,1875.8,1875.86
2023-07-30 17:45:57,1876.42,1876.55,1877.65,1877.7,1875.8,1875.86
2023-07-30 17:46:03,1876.33,1876.52,1877.65,1877.7,1875.8,1875.86
2023-07-30 17:46:09,1876.38,1876.52,1877.65,1877.7,1875.8,1875.86
2023-07-30 17:46:14,1876.45,1876.55,1877.65,1877.7,1875.8,1875.86
2023-07-30 17:46:20,1876.42,1876.51,1877.65,1877.7,1875.8,1875.86
2023-07-30 17:46:26,1876.32,1876.46,1877.65,1877.7,1875.8,1875.86
2023-07-30 17:46:31,1876.38,1876.48,1877.65,1877.7,1875.8,1875.86
2023-07-30 17:46:37,1876.33,1876.48,1877.65,1877.7,1875.8,1875.86
2023-07-30 17:46:43,1876.33,1876.48,1877.65,1877.7,1875.8,1875.86
2023-07-30 17:46:49,1876.32,1876.48,1877.65,1877.7,1875.8,1875.86
2023-07-30 17:46:54,1876.32,1876.48,1877.65,1877.7,1875.8,1875.86
2023-07-30 17:47:00,1876.31,1876.39,1877.65,1877.7,1875.8,1875.86
2023-07-30 17:47:06,1876.31,1876.39,1877.65,1877.7,1875.8,1875.86
2023-07-30 17:47:11,1876.31,1876.39,1877.65,1877.7,1875.8,1875.86
2023-07-30 17:47:17,1876.31,1876.39,1877.65,1877.7,1875.8,1875.86
2023-07-30 17:47:23,1876.31,1876.39,1877.65,1877.7,1875.8,1875.86
2023-07-30 17:47:28,1876.31,1876.39,1877.65,1877.7,1875.8,1875.86
2023-07-30 17:47:34,1875.71,1875.89,1877.65,1877.7,1875.8,1875.86
2023-07-30 17:47:40,1875.85,1876.0,1877.65,1877.7,1875.8,1875.86
2023-07-30 17:47:46,1875.83,1875.93,1877.65,1877.7,1875.8,1875.86
2023-07-30 17:47:51,1875.77,1875.94,1877.65,1877.7,1875.8,1875.86
2023-07-30 17:47:57,1875.72,1875.83,1877.65,1877.7,1875.8,1875.86
2023-07-30 17:48:03,1875.85,1875.94,1877.65,1877.7,1875.8,1875.86
2023-07-30 17:48:08,1875.81,1875.96,1877.65,1877.7,1875.8,1875.86
