timestamp,Bybit_ETHUSDC_bid,Bybit_ETHUSDC_ask,Deribit_ETHPERPETUAL_bid,Deribit_ETHPERPETUAL_ask,Bitget_ETHPERPCMCBL_bid,Bitget_ETHPERPCMCBL_ask
2023-07-30 15:25:47,1882.01,1882.2,1883.05,1883.1,1881.41,1881.64
2023-07-30 15:26:18,1882.21,1882.33,1883.0,1883.05,1881.76,1881.82
2023-07-30 15:26:49,1881.67,1881.79,1882.9,1882.95,1881.76,1881.82
2023-07-30 15:27:20,1881.71,1881.87,1882.9,1882.95,1881.76,1881.82
2023-07-30 15:27:50,1881.86,1881.92,1882.85,1882.9,1881.79,1881.85
2023-07-30 15:28:21,1881.9,1882.09,1882.75,1882.8,1881.79,1881.85
2023-07-30 15:28:52,1881.65,1881.79,1882.65,1882.7,1881.79,1881.85
2023-07-30 15:29:22,1881.75,1881.85,1882.65,1882.7,1881.79,1881.85
2023-07-30 15:29:53,1881.07,1881.19,1882.25,1882.3,1880.87,1880.93
2023-07-30 15:30:24,1881.81,1881.95,1882.7,1882.75,1881.79,1881.85
2023-07-30 15:30:55,1881.9,1882.01,1882.7,1882.75,1881.79,1881.85
2023-07-30 15:31:25,1881.85,1882.16,1882.7,1882.75,1881.79,1881.85
2023-07-30 15:31:56,1881.81,1881.96,1882.7,1882.75,1881.79,1881.85
2023-07-30 15:32:27,1881.81,1881.99,1882.7,1882.75,1881.79,1881.85
2023-07-30 15:32:57,1881.3,1881.38,1882.7,1882.75,1881.79,1881.85
2023-07-30 15:33:28,1880.68,1880.86,1882.3,1882.35,1880.96,1881.02
2023-07-30 15:33:59,1880.71,1880.88,1882.0,1882.05,1880.96,1881.02
2023-07-30 15:34:29,1880.8,1880.96,1882.2,1882.25,1880.61,1880.67
2023-07-30 15:35:00,1880.56,1880.75,1882.2,1882.25,1880.45,1880.67
2023-07-30 15:35:31,1880.44,1880.65,1882.2,1882.25,1880.45,1880.56
2023-07-30 15:36:02,1880.79,1880.88,1882.2,1882.25,1880.45,1880.51
2023-07-30 15:36:32,1880.77,1880.92,1882.2,1882.25,1880.78,1880.84
2023-07-30 15:37:03,1880.98,1881.15,1882.2,1882.25,1880.78,1880.84
2023-07-30 15:37:34,1880.83,1880.95,1882.2,1882.25,1880.78,1880.84
2023-07-30 15:38:04,1881.25,1881.39,1882.2,1882.25,1880.78,1880.84
2023-07-30 15:38:35,1881.8,1881.99,1882.7,1882.75,1881.62,1881.85
2023-07-30 15:39:06,1881.66,1881.91,1882.7,1882.75,1881.79,1881.85
2023-07-30 15:39:37,1881.65,1881.8,1882.7,1882.75,1881.79,1881.85
2023-07-30 15:40:07,1881.84,1882.07,1882.7,1882.75,1881.79,1881.85
2023-07-30 15:40:38,1881.39,1881.58,1882.7,1882.75,1881.24,1881.3
2023-07-30 15:41:09,1881.34,1881.5,1882.7,1882.75,1881.24,1881.3
2023-07-30 15:41:39,1881.15,1881.27,1882.7,1882.75,1881.04,1881.1
2023-07-30 15:42:10,1880.73,1880.9,1882.0,1882.05,1880.55,1880.61
2023-07-30 15:42:41,1880.18,1880.34,1881.6,1881.65,1879.97,1880.03
2023-07-30 15:43:12,1880.42,1880.55,1881.6,1881.65,1879.97,1880.03
2023-07-30 15:43:42,1880.56,1880.65,1881.6,1881.65,1879.97,1880.03
2023-07-30 15:44:13,1880.41,1880.59,1881.6,1881.65,1879.97,1880.03
2023-07-30 15:44:44,1880.45,1880.59,1881.6,1881.65,1879.97,1880.03
2023-07-30 15:45:14,1880.44,1880.64,1881.6,1881.65,1879.97,1880.03
2023-07-30 15:45:45,1880.7,1880.83,1881.6,1881.65,1879.97,1880.03
2023-07-30 15:46:16,1880.56,1880.77,1881.6,1881.65,1879.97,1880.03
2023-07-30 15:46:46,1880.33,1880.47,1881.6,1881.65,1879.97,1880.03
2023-07-30 15:47:17,1880.0,1880.13,1881.6,1881.65,1879.73,1879.79
2023-07-30 15:47:48,1879.37,1879.53,1881.0,1881.05,1879.18,1879.24
2023-07-30 15:48:19,1879.63,1879.87,1881.0,1881.05,1879.18,1879.24
2023-07-30 15:48:49,1879.47,1879.59,1881.0,1881.05,1879.18,1879.24
2023-07-30 15:49:20,1878.97,1879.1,1880.6,1880.65,1879.18,1879.24
2023-07-30 15:49:51,1878.65,1878.76,1880.2,1880.25,1879.18,1879.24
2023-07-30 15:50:21,1878.85,1879.01,1879.95,1880.0,1879.18,1879.24
2023-07-30 15:50:52,1878.71,1878.79,1879.95,1880.0,1878.14,1878.2
2023-07-30 15:51:23,1878.8,1878.91,1879.95,1880.0,1878.14,1878.2
2023-07-30 15:51:54,1878.53,1878.69,1879.95,1880.0,1878.14,1878.2
2023-07-30 15:52:24,1878.39,1878.54,1879.95,1880.0,1878.14,1878.2
2023-07-30 15:52:55,1878.51,1878.67,1879.95,1880.0,1878.14,1878.2
2023-07-30 15:53:26,1878.34,1878.42,1879.95,1880.0,1878.14,1878.2
2023-07-30 15:53:56,1876.85,1876.99,1878.55,1878.6,1876.85,1876.91
2023-07-30 15:54:27,1877.04,1877.26,1877.75,1877.8,1875.94,1876.0
2023-07-30 15:54:58,1876.33,1876.45,1877.75,1877.8,1875.45,1875.64
2023-07-30 15:55:29,1875.68,1875.94,1876.9,1876.95,1875.08,1875.96
2023-07-30 15:55:59,1874.83,1874.94,1876.0,1876.05,1874.07,1874.69
2023-07-30 15:56:30,1874.8,1874.98,1876.0,1876.05,1873.79,1873.85
2023-07-30 15:57:01,1874.38,1874.47,1875.7,1875.75,1873.79,1873.85
2023-07-30 15:57:31,1876.43,1876.69,1877.75,1877.8,1875.69,1876.55
2023-07-30 15:58:02,1876.7,1876.75,1877.9,1877.95,1875.87,1875.93
2023-07-30 15:58:33,1876.55,1876.71,1877.9,1877.95,1875.87,1875.93
2023-07-30 15:59:03,1876.63,1876.78,1877.55,1877.6,1875.65,1875.71
2023-07-30 15:59:34,1876.77,1876.97,1877.55,1877.6,1875.65,1875.71
2023-07-30 16:00:05,1876.4,1876.52,1877.55,1877.6,1875.61,1875.67
2023-07-30 16:00:36,1876.8,1876.96,1877.85,1877.9,1876.13,1876.19
2023-07-30 16:01:06,1877.41,1877.54,1878.25,1878.3,1876.45,1876.51
2023-07-30 16:01:37,1877.37,1877.54,1878.25,1878.3,1876.45,1876.72
2023-07-30 16:02:08,1877.44,1877.59,1878.25,1878.3,1876.82,1876.88
2023-07-30 16:02:38,1877.44,1877.63,1878.25,1878.3,1876.82,1876.88
2023-07-30 16:03:09,1876.79,1876.92,1878.25,1878.3,1876.43,1876.49
2023-07-30 16:03:40,1876.01,1876.15,1877.25,1877.3,1875.55,1875.76
2023-07-30 16:04:10,1875.8,1876.11,1876.9,1876.95,1875.45,1875.51
2023-07-30 16:04:41,1875.86,1876.06,1876.85,1876.9,1875.1,1875.16
2023-07-30 16:05:12,1875.61,1875.74,1876.85,1876.9,1875.1,1875.16
2023-07-30 16:05:42,1875.87,1876.14,1876.85,1876.9,1875.15,1875.21
2023-07-30 16:06:13,1876.45,1876.59,1877.25,1877.3,1875.72,1875.78
2023-07-30 16:06:44,1876.73,1876.85,1877.45,1877.5,1875.82,1875.88
2023-07-30 16:07:15,1877.33,1877.47,1878.05,1878.1,1876.4,1876.46
2023-07-30 16:07:45,1877.28,1877.44,1878.05,1878.1,1876.58,1876.64
2023-07-30 16:08:16,1877.8,1877.94,1878.55,1878.6,1876.75,1876.81
2023-07-30 16:08:47,1877.96,1878.07,1878.95,1879.0,1877.29,1877.35
2023-07-30 16:09:17,1877.83,1877.96,1878.95,1879.0,1877.29,1877.35
2023-07-30 16:09:48,1877.92,1878.07,1878.95,1879.0,1877.45,1877.51
2023-07-30 16:10:19,1878.44,1878.53,1878.95,1879.0,1877.49,1877.55
2023-07-30 16:10:50,1878.41,1878.53,1878.95,1879.0,1877.6,1877.66
2023-07-30 16:11:20,1878.49,1878.65,1879.2,1879.25,1877.84,1877.9
2023-07-30 16:11:51,1878.47,1878.59,1879.35,1879.4,1878.0,1878.06
2023-07-30 16:12:22,1877.94,1878.03,1879.15,1879.2,1877.8,1877.86
2023-07-30 16:12:52,1878.07,1878.27,1878.95,1879.0,1877.33,1877.52
2023-07-30 16:13:23,1878.43,1878.55,1878.95,1879.0,1877.75,1877.81
2023-07-30 16:13:54,1878.55,1878.66,1879.65,1879.7,1878.02,1878.08
2023-07-30 16:14:24,1878.51,1878.66,1879.65,1879.7,1878.02,1878.08
2023-07-30 16:14:55,1878.72,1878.82,1879.65,1879.7,1878.02,1878.08
2023-07-30 16:15:26,1878.74,1878.91,1879.65,1879.7,1878.09,1878.1
2023-07-30 16:15:57,1878.24,1878.32,1879.75,1879.8,1878.08,1878.14
2023-07-30 16:16:27,1877.59,1877.71,1878.95,1879.0,1877.66,1877.72
2023-07-30 16:16:58,1877.92,1877.99,1878.8,1878.85,1877.79,1877.89
2023-07-30 16:17:29,1877.65,1877.74,1878.8,1878.85,1877.83,1877.89
2023-07-30 16:17:59,1877.5,1877.59,1878.8,1878.85,1877.38,1877.44
2023-07-30 16:18:30,1877.41,1877.57,1878.8,1878.85,1877.38,1877.44
2023-07-30 16:19:01,1877.69,1877.81,1878.8,1878.85,1877.38,1877.44
2023-07-30 16:19:31,1877.43,1877.55,1878.8,1878.85,1877.38,1877.44
2023-07-30 16:20:02,1877.17,1877.34,1878.8,1878.85,1877.01,1877.07
2023-07-30 16:20:33,1877.51,1877.6,1878.45,1878.5,1876.91,1876.97
2023-07-30 16:21:04,1877.52,1877.65,1878.45,1878.5,1876.91,1876.97
2023-07-30 16:21:34,1877.26,1877.37,1878.45,1878.5,1876.91,1876.97
2023-07-30 16:22:05,1877.01,1877.17,1878.25,1878.3,1876.9,1876.96
2023-07-30 16:22:36,1877.12,1877.22,1878.25,1878.3,1876.9,1876.96
2023-07-30 16:23:06,1877.43,1877.53,1878.15,1878.2,1876.9,1876.96
2023-07-30 16:23:37,1877.0,1877.13,1878.15,1878.2,1876.89,1876.95
2023-07-30 16:24:08,1876.88,1877.02,1878.15,1878.2,1876.88,1876.94
2023-07-30 16:24:38,1876.96,1877.07,1878.15,1878.2,1876.88,1876.94
2023-07-30 16:25:09,1877.11,1877.27,1878.15,1878.2,1876.87,1876.93
2023-07-30 16:25:40,1877.52,1877.66,1878.15,1878.2,1876.87,1876.93
2023-07-30 16:26:11,1877.6,1877.77,1878.4,1878.45,1876.87,1876.93
2023-07-30 16:26:41,1877.67,1877.78,1878.4,1878.45,1876.87,1876.93
2023-07-30 16:27:12,1877.6,1877.74,1878.4,1878.45,1876.89,1876.95
2023-07-30 16:27:43,1877.59,1877.68,1878.4,1878.45,1876.89,1876.95
2023-07-30 16:28:13,1877.51,1877.68,1878.4,1878.45,1876.89,1876.95
2023-07-30 16:28:44,1877.54,1877.65,1878.4,1878.45,1876.89,1876.95
2023-07-30 16:29:15,1877.6,1877.71,1878.4,1878.45,1876.89,1876.95
2023-07-30 16:29:45,1877.28,1877.4,1878.4,1878.45,1876.89,1876.95
2023-07-30 16:30:16,1877.02,1877.11,1878.35,1878.4,1876.71,1876.77
2023-07-30 16:30:47,1876.7,1876.78,1877.85,1877.9,1876.52,1876.58
2023-07-30 16:31:17,1876.31,1876.41,1877.8,1877.85,1876.22,1876.28
2023-07-30 16:31:48,1875.98,1876.07,1877.15,1877.2,1875.77,1875.83
2023-07-30 16:32:19,1875.27,1875.38,1876.65,1876.7,1875.03,1875.09
2023-07-30 16:32:49,1875.16,1875.24,1876.05,1876.1,1874.33,1874.39
2023-07-30 16:33:20,1874.8,1874.94,1876.05,1876.1,1874.33,1874.39
2023-07-30 16:33:51,1875.16,1875.26,1876.05,1876.1,1874.28,1874.34
2023-07-30 16:34:22,1875.15,1875.33,1876.25,1876.3,1874.46,1874.52
2023-07-30 16:34:52,1874.3,1874.43,1875.5,1875.55,1873.82,1873.88
2023-07-30 16:35:23,1874.54,1874.78,1875.5,1875.55,1873.58,1873.64
2023-07-30 16:35:54,1874.69,1874.81,1875.5,1875.55,1873.58,1873.64
2023-07-30 16:36:24,1875.26,1875.34,1875.85,1875.9,1874.21,1874.31
2023-07-30 16:36:55,1874.86,1875.01,1875.85,1875.9,1874.21,1874.27
2023-07-30 16:37:26,1875.25,1875.37,1876.25,1876.3,1874.21,1874.27
2023-07-30 16:37:57,1874.87,1874.98,1875.95,1876.0,1874.12,1874.18
2023-07-30 16:38:27,1874.93,1875.0,1875.95,1876.0,1874.12,1874.18
2023-07-30 16:38:58,1874.94,1875.1,1875.95,1876.0,1874.12,1874.18
2023-07-30 16:39:29,1876.13,1876.29,1877.4,1877.45,1875.35,1875.41
2023-07-30 16:39:59,1876.17,1876.33,1877.3,1877.35,1875.35,1875.41
2023-07-30 16:40:30,1876.14,1876.24,1877.3,1877.35,1875.3,1875.36
2023-07-30 16:41:01,1876.28,1876.39,1877.3,1877.35,1875.3,1875.36
2023-07-30 16:41:31,1876.41,1876.52,1877.3,1877.35,1875.31,1875.37
2023-07-30 16:42:02,1876.08,1876.22,1877.3,1877.35,1875.31,1875.37
2023-07-30 16:42:33,1875.61,1875.71,1877.0,1877.05,1875.18,1875.24
2023-07-30 16:43:04,1875.36,1875.5,1877.0,1877.05,1875.18,1875.19
2023-07-30 16:43:34,1875.01,1875.14,1876.3,1876.35,1874.81,1874.87
2023-07-30 16:44:05,1875.28,1875.39,1876.3,1876.35,1874.81,1874.87
2023-07-30 16:44:36,1875.69,1875.8,1876.3,1876.35,1874.82,1874.87
2023-07-30 16:45:06,1875.6,1875.72,1876.3,1876.35,1874.82,1874.87
2023-07-30 16:45:37,1876.16,1876.29,1876.95,1877.0,1875.2,1875.26
2023-07-30 16:46:08,1876.01,1876.1,1876.95,1877.0,1875.2,1875.26
2023-07-30 16:46:38,1876.12,1876.21,1876.95,1877.0,1875.2,1875.26
2023-07-30 16:47:09,1875.84,1875.98,1876.95,1877.0,1875.2,1875.26
2023-07-30 16:47:40,1876.66,1876.78,1877.75,1877.8,1875.86,1875.87
2023-07-30 16:48:11,1877.06,1877.15,1877.95,1878.0,1876.13,1876.19
2023-07-30 16:48:41,1876.85,1876.99,1877.95,1878.0,1876.13,1876.19
2023-07-30 16:49:12,1876.69,1876.78,1877.55,1877.6,1876.04,1876.1
2023-07-30 16:49:43,1877.09,1877.16,1877.55,1877.6,1876.14,1876.19
2023-07-30 16:50:13,1877.51,1877.65,1878.6,1878.65,1876.62,1876.68
2023-07-30 16:50:44,1876.82,1876.94,1878.35,1878.4,1876.79,1876.85
2023-07-30 16:51:15,1876.48,1876.57,1877.95,1878.0,1876.32,1876.38
2023-07-30 16:51:46,1876.65,1876.7,1877.95,1878.0,1876.13,1876.19
2023-07-30 16:52:16,1876.25,1876.39,1877.95,1878.0,1876.13,1876.19
2023-07-30 16:52:47,1876.34,1876.52,1877.95,1878.0,1876.13,1876.19
2023-07-30 16:53:18,1876.58,1876.61,1877.45,1877.5,1875.98,1876.04
2023-07-30 16:53:48,1876.48,1876.59,1877.45,1877.5,1875.98,1876.04
2023-07-30 16:54:19,1876.06,1876.22,1877.15,1877.2,1875.82,1875.88
2023-07-30 16:54:50,1876.09,1876.19,1877.15,1877.2,1875.82,1875.88
2023-07-30 16:55:20,1876.07,1876.22,1877.15,1877.2,1875.82,1875.88
2023-07-30 16:55:51,1876.34,1876.52,1877.15,1877.2,1875.82,1875.88
2023-07-30 16:56:22,1876.16,1876.32,1877.15,1877.2,1875.82,1875.88
2023-07-30 16:56:53,1876.27,1876.37,1877.15,1877.2,1875.82,1875.88
2023-07-30 16:57:23,1876.81,1876.91,1877.55,1877.6,1875.82,1875.94
2023-07-30 16:57:54,1876.73,1876.88,1877.55,1877.6,1875.82,1875.88
2023-07-30 16:58:25,1876.75,1876.88,1877.55,1877.6,1875.82,1876.26
2023-07-30 16:58:55,1876.85,1876.98,1877.55,1877.6,1876.4,1876.46
2023-07-30 16:59:26,1877.02,1877.12,1877.55,1877.6,1876.4,1876.46
2023-07-30 16:59:57,1877.02,1877.14,1877.6,1877.65,1876.4,1876.46
2023-07-30 17:00:27,1876.82,1876.93,1877.6,1877.65,1876.4,1876.46
2023-07-30 17:00:58,1876.67,1876.78,1877.6,1877.65,1876.4,1876.46
2023-07-30 17:01:29,1876.7,1876.83,1877.6,1877.65,1876.4,1876.46
2023-07-30 17:01:59,1876.66,1876.79,1877.6,1877.65,1876.4,1876.46
2023-07-30 17:02:30,1876.64,1876.74,1877.6,1877.65,1876.4,1876.46
2023-07-30 17:03:01,1876.46,1876.54,1877.6,1877.65,1876.4,1876.46
2023-07-30 17:03:32,1875.63,1875.68,1876.75,1876.8,1875.52,1875.58
2023-07-30 17:04:02,1875.6,1875.63,1876.75,1876.8,1875.48,1875.54
2023-07-30 17:04:33,1875.71,1875.8,1876.75,1876.8,1875.48,1875.54
2023-07-30 17:05:04,1875.7,1875.81,1876.75,1876.8,1875.48,1875.54
2023-07-30 17:05:34,1875.63,1875.7,1876.75,1876.8,1875.48,1875.54
2023-07-30 17:06:05,1875.96,1876.08,1876.95,1877.0,1875.55,1875.61
2023-07-30 17:06:36,1876.4,1876.53,1877.25,1877.3,1875.86,1876.1
2023-07-30 17:07:07,1875.81,1875.95,1877.25,1877.3,1876.0,1876.06
2023-07-30 17:07:37,1875.66,1875.8,1877.25,1877.3,1875.22,1875.42
2023-07-30 17:08:08,1875.69,1875.78,1877.25,1877.3,1875.22,1875.32
2023-07-30 17:08:39,1875.65,1875.77,1877.25,1877.3,1875.22,1875.31
2023-07-30 17:09:09,1875.64,1875.79,1877.15,1877.2,1875.25,1875.31
2023-07-30 17:09:40,1875.64,1875.75,1877.15,1877.2,1875.25,1875.31
2023-07-30 17:10:11,1875.17,1875.28,1876.65,1876.7,1874.63,1874.69
2023-07-30 17:10:41,1875.2,1875.33,1876.65,1876.7,1874.63,1874.69
2023-07-30 17:11:12,1875.01,1875.15,1876.35,1876.4,1874.45,1874.51
2023-07-30 17:11:43,1874.71,1874.82,1875.85,1875.9,1874.26,1874.32
2023-07-30 17:12:13,1875.12,1875.23,1876.25,1876.3,1874.48,1874.54
2023-07-30 17:12:44,1875.27,1875.39,1876.25,1876.3,1874.48,1874.54
2023-07-30 17:13:15,1875.42,1875.53,1876.25,1876.3,1874.48,1874.54
2023-07-30 17:13:45,1875.21,1875.34,1876.25,1876.3,1874.48,1874.54
2023-07-30 17:14:16,1875.1,1875.23,1876.25,1876.3,1874.48,1874.54
2023-07-30 17:14:47,1874.82,1874.95,1876.25,1876.3,1874.48,1874.54
2023-07-30 17:15:18,1874.5,1874.63,1875.55,1875.6,1874.02,1874.08
2023-07-30 17:15:48,1874.64,1874.81,1875.55,1875.6,1874.02,1874.08
2023-07-30 17:16:19,1874.63,1874.76,1875.55,1875.6,1874.02,1874.08
2023-07-30 17:16:50,1874.56,1874.7,1875.6,1875.65,1874.02,1874.08
2023-07-30 17:17:20,1874.81,1874.91,1875.6,1875.65,1874.02,1874.08
2023-07-30 17:17:51,1874.9,1875.03,1875.6,1875.65,1874.02,1874.08
2023-07-30 17:18:22,1875.11,1875.19,1875.6,1875.65,1874.12,1874.3
2023-07-30 17:18:52,1875.2,1875.33,1875.85,1875.9,1874.45,1874.51
2023-07-30 17:19:23,1875.31,1875.45,1875.95,1876.0,1874.66,1874.72
2023-07-30 17:19:54,1875.48,1875.58,1875.95,1876.0,1874.86,1874.92
2023-07-30 17:20:25,1875.31,1875.38,1875.95,1876.0,1874.86,1874.92
2023-07-30 17:20:55,1875.24,1875.33,1875.95,1876.0,1874.86,1874.92
2023-07-30 17:21:26,1875.41,1875.49,1875.95,1876.0,1874.86,1874.92
2023-07-30 17:21:57,1875.49,1875.64,1875.95,1876.0,1874.86,1874.92
2023-07-30 17:22:27,1875.55,1875.65,1876.25,1876.3,1874.86,1874.92
2023-07-30 17:22:58,1875.36,1875.49,1876.25,1876.3,1874.86,1874.92
2023-07-30 17:23:29,1875.31,1875.44,1876.25,1876.3,1874.86,1874.92
2023-07-30 17:23:59,1875.6,1875.71,1876.4,1876.45,1874.86,1874.92
2023-07-30 17:24:30,1875.74,1875.84,1876.45,1876.5,1875.1,1875.16
2023-07-30 17:25:01,1875.27,1875.35,1876.45,1876.5,1875.1,1875.16
2023-07-30 17:25:32,1875.22,1875.33,1876.45,1876.5,1875.1,1875.16
2023-07-30 17:26:02,1875.0,1875.14,1876.3,1876.35,1874.69,1874.75
2023-07-30 17:26:33,1875.46,1875.57,1876.3,1876.35,1874.92,1874.98
2023-07-30 17:27:04,1875.59,1875.71,1876.4,1876.45,1874.92,1874.98
2023-07-30 17:27:34,1875.33,1875.49,1876.6,1876.65,1874.92,1874.98
2023-07-30 17:28:05,1875.65,1875.78,1876.9,1876.95,1875.11,1875.17
2023-07-30 17:28:36,1875.89,1876.02,1876.9,1876.95,1875.31,1875.37
2023-07-30 17:29:07,1875.77,1875.93,1876.95,1877.0,1875.31,1875.37
2023-07-30 17:29:37,1875.88,1875.98,1876.95,1877.0,1875.31,1875.37
2023-07-30 17:30:08,1875.58,1875.66,1876.95,1877.0,1875.31,1875.37
2023-07-30 17:30:39,1875.64,1875.7,1876.95,1877.0,1875.31,1875.37
2023-07-30 17:31:09,1875.69,1875.82,1876.95,1877.0,1875.31,1875.37
2023-07-30 17:31:40,1875.48,1875.58,1876.95,1877.0,1875.31,1875.37
2023-07-30 17:32:11,1875.67,1875.74,1876.95,1877.0,1875.31,1875.37
2023-07-30 17:32:41,1875.69,1875.79,1876.95,1877.0,1875.31,1875.37
2023-07-30 17:33:12,1875.53,1875.6,1876.95,1877.0,1875.31,1875.37
2023-07-30 17:33:43,1875.52,1875.69,1876.95,1877.0,1875.31,1875.37
2023-07-30 17:34:13,1875.58,1875.68,1876.95,1877.0,1875.31,1875.37
2023-07-30 17:34:44,1875.61,1875.74,1876.95,1877.0,1875.31,1875.37
2023-07-30 17:35:15,1875.58,1875.74,1876.95,1877.0,1875.31,1875.37
2023-07-30 17:35:46,1875.38,1875.45,1876.95,1877.0,1875.31,1875.37
2023-07-30 17:36:16,1875.31,1875.45,1876.95,1877.0,1875.31,1875.37
2023-07-30 17:36:47,1875.47,1875.59,1876.95,1877.0,1875.31,1875.37
2023-07-30 17:37:18,1875.58,1875.7,1876.95,1877.0,1875.31,1875.37
2023-07-30 17:37:48,1875.5,1875.61,1876.95,1877.0,1875.31,1875.37
2023-07-30 17:38:19,1875.78,1875.9,1877.05,1877.1,1875.61,1875.67
2023-07-30 17:38:50,1875.87,1875.97,1877.05,1877.1,1875.61,1875.67
2023-07-30 17:39:20,1875.99,1876.13,1877.4,1877.45,1875.61,1875.67
2023-07-30 17:39:51,1876.36,1876.5,1877.65,1877.7,1875.61,1875.67
2023-07-30 17:40:22,1876.49,1876.6,1877.65,1877.7,1875.8,1875.86
2023-07-30 17:40:52,1876.41,1876.55,1877.65,1877.7,1875.8,1875.86
2023-07-30 17:41:23,1876.22,1876.34,1877.65,1877.7,1875.8,1875.86
2023-07-30 17:41:54,1876.29,1876.38,1877.65,1877.7,1875.8,1875.86
2023-07-30 17:42:25,1876.33,1876.45,1877.65,1877.7,1875.8,1875.86
2023-07-30 17:42:55,1876.28,1876.37,1877.65,1877.7,1875.8,1875.86
2023-07-30 17:43:26,1876.28,1876.39,1877.65,1877.7,1875.8,1875.86
2023-07-30 17:43:57,1876.41,1876.51,1877.65,1877.7,1875.8,1875.86
2023-07-30 17:44:27,1876.36,1876.46,1877.65,1877.7,1875.8,1875.86
2023-07-30 17:44:58,1876.44,1876.52,1877.65,1877.7,1875.8,1875.86
2023-07-30 17:45:29,1876.33,1876.47,1877.65,1877.7,1875.8,1875.86
2023-07-30 17:45:59,1876.33,1876.52,1877.65,1877.7,1875.8,1875.86
2023-07-30 17:46:30,1876.35,1876.46,1877.65,1877.7,1875.8,1875.86
2023-07-30 17:47:01,1876.31,1876.39,1877.65,1877.7,1875.8,1875.86
2023-07-30 17:47:32,1875.7,1875.85,1877.65,1877.7,1875.8,1875.86
2023-07-30 17:48:02,1875.85,1875.95,1877.65,1877.7,1875.8,1875.86
2023-07-30 17:48:33,1876.16,1876.25,1877.65,1877.7,1875.8,1875.86
2023-07-30 17:49:04,1876.09,1876.26,1877.65,1877.7,1875.8,1875.86
2023-07-30 17:49:34,1876.05,1876.15,1877.65,1877.7,1875.8,1875.86
2023-07-30 17:50:05,1876.27,1876.38,1877.65,1877.7,1875.8,1875.86
2023-07-30 17:50:36,1876.66,1876.8,1877.85,1877.9,1875.8,1875.86
2023-07-30 17:51:07,1876.53,1876.7,1877.85,1877.9,1875.8,1875.86
2023-07-30 17:51:37,1876.53,1876.71,1877.85,1877.9,1875.8,1875.86
2023-07-30 17:52:08,1876.55,1876.62,1877.85,1877.9,1875.8,1875.86
2023-07-30 17:52:39,1876.66,1876.76,1877.85,1877.9,1875.8,1875.86
2023-07-30 17:53:09,1876.77,1876.87,1877.85,1877.9,1875.8,1875.86
2023-07-30 17:53:40,1877.08,1877.17,1878.2,1878.25,1876.13,1876.19
2023-07-30 17:54:11,1877.46,1877.56,1878.7,1878.75,1876.43,1876.49
2023-07-30 17:54:41,1877.33,1877.46,1878.7,1878.75,1876.61,1876.67
2023-07-30 17:55:12,1877.69,1877.79,1879.15,1879.2,1877.05,1877.11
2023-07-30 17:55:43,1878.26,1878.36,1879.9,1879.95,1877.58,1877.64
2023-07-30 17:56:13,1878.03,1878.12,1879.9,1879.95,1877.58,1877.64
2023-07-30 17:56:44,1877.89,1877.99,1879.9,1879.95,1877.58,1877.64
2023-07-30 17:57:15,1877.81,1877.9,1879.9,1879.95,1877.58,1877.64
2023-07-30 17:57:46,1877.85,1877.92,1879.0,1879.05,1877.58,1877.64
2023-07-30 17:58:16,1878.08,1878.19,1879.3,1879.35,1877.58,1877.64
2023-07-30 17:58:47,1878.08,1878.19,1879.3,1879.35,1877.58,1877.64
2023-07-30 17:59:18,1878.03,1878.17,1879.55,1879.6,1877.58,1877.64
2023-07-30 17:59:48,1878.11,1878.24,1879.65,1879.7,1877.58,1877.64
2023-07-30 18:00:19,1877.94,1878.1,1879.7,1879.75,1877.79,1877.85
2023-07-30 18:00:50,1878.22,1878.32,1879.7,1879.75,1877.97,1878.03
2023-07-30 18:01:20,1877.79,1877.91,1879.75,1879.8,1877.97,1878.03
2023-07-30 18:01:51,1878.15,1878.24,1879.75,1879.8,1877.97,1878.03
2023-07-30 18:02:22,1877.98,1878.07,1879.75,1879.8,1877.97,1878.03
2023-07-30 18:02:53,1878.04,1878.15,1879.75,1879.8,1877.97,1878.03
2023-07-30 18:03:23,1878.03,1878.19,1879.75,1879.8,1877.97,1878.03
2023-07-30 18:03:54,1878.22,1878.38,1879.75,1879.8,1877.97,1878.03
2023-07-30 18:04:25,1878.15,1878.27,1879.75,1879.8,1877.97,1878.03
2023-07-30 18:04:55,1878.01,1878.14,1879.75,1879.8,1877.97,1878.03
2023-07-30 18:05:26,1877.67,1877.78,1879.75,1879.8,1877.97,1878.03
2023-07-30 18:05:57,1877.7,1877.76,1879.75,1879.8,1877.97,1878.03
2023-07-30 18:06:28,1877.55,1877.68,1879.75,1879.8,1877.97,1878.03
2023-07-30 18:06:58,1877.37,1877.46,1879.05,1879.1,1877.97,1878.03
2023-07-30 18:07:29,1877.57,1877.66,1879.05,1879.1,1877.97,1878.03
2023-07-30 18:08:00,1877.81,1877.93,1879.05,1879.1,1877.97,1878.03
2023-07-30 18:08:31,1877.97,1878.09,1879.05,1879.1,1877.97,1878.03
2023-07-30 18:09:01,1877.81,1877.98,1879.05,1879.1,1877.97,1878.03
2023-07-30 18:09:32,1877.7,1877.86,1879.05,1879.1,1877.97,1878.03
2023-07-30 18:10:03,1877.95,1878.07,1879.15,1879.2,1877.97,1878.03
2023-07-30 18:10:33,1877.84,1877.94,1879.15,1879.2,1877.97,1878.03
2023-07-30 18:11:04,1877.9,1878.01,1879.15,1879.2,1877.97,1878.03
2023-07-30 18:11:35,1877.91,1877.99,1879.15,1879.2,1877.97,1878.03
2023-07-30 18:12:05,1877.63,1877.75,1879.15,1879.2,1877.97,1878.03
2023-07-30 18:12:36,1877.44,1877.53,1879.15,1879.2,1877.97,1878.03
2023-07-30 18:13:07,1877.21,1877.35,1879.15,1879.2,1877.97,1878.03
2023-07-30 18:13:38,1877.21,1877.36,1879.15,1879.2,1877.97,1878.03
2023-07-30 18:14:08,1877.21,1877.32,1879.15,1879.2,1877.97,1878.03
2023-07-30 18:14:39,1877.27,1877.39,1879.15,1879.2,1877.97,1878.03
2023-07-30 18:15:10,1877.09,1877.24,1878.75,1878.8,1877.97,1878.03
2023-07-30 18:15:40,1877.07,1877.19,1878.75,1878.8,1877.97,1878.03
2023-07-30 18:16:11,1877.21,1877.29,1878.75,1878.8,1877.97,1878.03
2023-07-30 18:16:42,1876.87,1876.97,1878.75,1878.8,1877.97,1878.03
2023-07-30 18:17:12,1876.47,1876.59,1877.85,1877.9,1876.47,1876.57
2023-07-30 18:17:43,1876.42,1876.55,1877.85,1877.9,1876.47,1876.53
2023-07-30 18:18:14,1876.61,1876.68,1877.85,1877.9,1876.47,1876.53
2023-07-30 18:18:44,1876.63,1876.79,1877.85,1877.9,1876.47,1876.53
2023-07-30 18:19:15,1876.62,1876.79,1877.85,1877.9,1876.47,1876.53
2023-07-30 18:19:46,1876.76,1876.89,1878.1,1878.15,1876.47,1876.53
2023-07-30 18:20:16,1876.44,1876.56,1878.1,1878.15,1876.47,1876.53
2023-07-30 18:20:47,1876.52,1876.63,1878.1,1878.15,1876.47,1876.53
2023-07-30 18:21:18,1876.63,1876.73,1878.1,1878.15,1876.47,1876.53
2023-07-30 18:21:49,1876.61,1876.76,1878.1,1878.15,1876.47,1876.53
2023-07-30 18:22:19,1876.62,1876.73,1878.1,1878.15,1876.47,1876.53
2023-07-30 18:22:50,1876.66,1876.79,1878.1,1878.15,1876.47,1876.53
2023-07-30 18:23:21,1876.54,1876.67,1878.1,1878.15,1876.47,1876.53
2023-07-30 18:23:51,1876.59,1876.71,1878.1,1878.15,1876.47,1876.53
2023-07-30 18:24:22,1876.61,1876.73,1878.1,1878.15,1876.47,1876.53
2023-07-30 18:24:53,1876.65,1876.74,1878.1,1878.15,1876.47,1876.53
2023-07-30 18:25:23,1876.35,1876.42,1878.1,1878.15,1876.21,1876.27
2023-07-30 18:25:54,1876.44,1876.51,1878.1,1878.15,1876.21,1876.27
2023-07-30 18:26:25,1876.53,1876.67,1878.1,1878.15,1876.06,1876.12
2023-07-30 18:26:56,1876.48,1876.57,1878.1,1878.15,1876.06,1876.12
2023-07-30 18:27:26,1876.29,1876.46,1878.1,1878.15,1876.06,1876.12
2023-07-30 18:27:57,1876.34,1876.44,1878.1,1878.15,1876.06,1876.12
2023-07-30 18:28:28,1876.19,1876.37,1878.1,1878.15,1876.06,1876.12
2023-07-30 18:28:58,1876.18,1876.34,1878.1,1878.15,1876.06,1876.12
2023-07-30 18:29:29,1876.21,1876.28,1878.1,1878.15,1876.06,1876.12
2023-07-30 18:30:00,1876.24,1876.37,1878.1,1878.15,1876.06,1876.12
2023-07-30 18:30:30,1876.01,1876.17,1877.7,1877.75,1875.24,1875.3
2023-07-30 18:31:01,1876.18,1876.33,1877.7,1877.75,1875.24,1875.3
2023-07-30 18:31:32,1876.25,1876.34,1877.7,1877.75,1875.24,1875.3
2023-07-30 18:32:02,1876.12,1876.25,1877.7,1877.75,1875.24,1875.3
2023-07-30 18:32:33,1876.23,1876.32,1877.7,1877.75,1875.24,1875.3
2023-07-30 18:33:04,1876.3,1876.39,1877.7,1877.75,1875.24,1875.3
2023-07-30 18:33:35,1876.3,1876.4,1877.7,1877.75,1875.24,1875.3
2023-07-30 18:34:05,1876.24,1876.38,1877.7,1877.75,1875.24,1875.3
2023-07-30 18:34:36,1876.25,1876.38,1877.7,1877.75,1875.24,1875.3
2023-07-30 18:35:07,1876.4,1876.47,1877.7,1877.75,1875.24,1875.3
2023-07-30 18:35:37,1876.41,1876.54,1877.7,1877.75,1875.38,1875.44
2023-07-30 18:36:08,1876.41,1876.48,1877.7,1877.75,1875.38,1875.44
2023-07-30 18:36:39,1876.03,1876.14,1877.7,1877.75,1875.38,1875.44
2023-07-30 18:37:09,1876.21,1876.38,1877.7,1877.75,1875.39,1875.66
2023-07-30 18:37:40,1876.24,1876.41,1877.7,1877.75,1875.39,1875.49
2023-07-30 18:38:11,1876.1,1876.23,1877.7,1877.75,1875.47,1875.53
2023-07-30 18:38:41,1876.22,1876.37,1877.7,1877.75,1875.47,1875.53
2023-07-30 18:39:12,1876.34,1876.45,1877.7,1877.75,1875.47,1875.53
2023-07-30 18:39:43,1876.33,1876.45,1877.7,1877.75,1875.82,1875.88
2023-07-30 18:40:14,1876.38,1876.52,1877.7,1877.75,1875.82,1875.88
2023-07-30 18:40:44,1876.35,1876.5,1877.7,1877.75,1875.82,1875.88
2023-07-30 18:41:15,1876.21,1876.35,1877.7,1877.75,1875.82,1875.88
2023-07-30 18:41:46,1876.03,1876.19,1877.7,1877.75,1875.83,1875.89
2023-07-30 18:42:16,1876.13,1876.29,1877.7,1877.75,1875.83,1875.89
2023-07-30 18:42:47,1876.16,1876.34,1877.7,1877.75,1875.83,1875.89
2023-07-30 18:43:18,1876.21,1876.28,1877.7,1877.75,1875.83,1875.89
2023-07-30 18:43:48,1876.05,1876.19,1877.7,1877.75,1875.83,1875.89
2023-07-30 18:44:19,1876.13,1876.23,1877.7,1877.75,1875.83,1875.89
2023-07-30 18:44:50,1876.13,1876.27,1877.7,1877.75,1875.83,1875.89
2023-07-30 18:45:20,1876.09,1876.24,1877.7,1877.75,1875.83,1875.89
2023-07-30 18:45:51,1876.11,1876.26,1877.7,1877.75,1875.83,1875.89
2023-07-30 18:46:22,1876.09,1876.22,1877.7,1877.75,1875.83,1875.89
2023-07-30 18:46:53,1875.99,1876.09,1877.7,1877.75,1875.83,1875.89
2023-07-30 18:47:23,1876.03,1876.16,1877.7,1877.75,1875.83,1875.89
2023-07-30 18:47:54,1876.21,1876.31,1877.7,1877.75,1875.83,1875.89
2023-07-30 18:48:25,1876.3,1876.42,1877.7,1877.75,1875.83,1875.89
2023-07-30 18:48:55,1876.24,1876.39,1877.7,1877.75,1875.83,1875.89
2023-07-30 18:49:26,1876.12,1876.24,1877.7,1877.75,1875.96,1876.02
2023-07-30 18:49:57,1875.87,1876.08,1877.7,1877.75,1875.96,1876.02
2023-07-30 18:50:27,1875.9,1876.01,1877.7,1877.75,1875.96,1876.02
2023-07-30 18:50:58,1875.97,1876.08,1877.7,1877.75,1875.96,1876.02
2023-07-30 18:51:29,1876.06,1876.19,1877.7,1877.75,1875.96,1876.02
2023-07-30 18:51:59,1875.79,1875.95,1877.35,1877.4,1875.96,1876.02
2023-07-30 18:52:30,1875.74,1875.92,1877.35,1877.4,1875.96,1876.02
2023-07-30 18:53:01,1875.68,1875.87,1877.35,1877.4,1875.96,1876.02
2023-07-30 18:53:32,1875.86,1875.96,1877.35,1877.4,1875.96,1876.02
2023-07-30 18:54:02,1875.73,1875.86,1877.35,1877.4,1875.96,1876.02
2023-07-30 18:54:33,1875.71,1875.89,1877.35,1877.4,1875.96,1876.02
2023-07-30 18:55:04,1876.06,1876.17,1877.35,1877.4,1875.96,1876.02
2023-07-30 18:55:34,1875.99,1876.12,1877.35,1877.4,1875.96,1876.02
2023-07-30 18:56:05,1876.15,1876.26,1877.35,1877.4,1875.96,1876.02
2023-07-30 18:56:36,1876.77,1876.89,1877.7,1877.75,1876.24,1876.3
2023-07-30 18:57:06,1876.76,1876.89,1877.7,1877.75,1876.24,1876.3
2023-07-30 18:57:37,1877.23,1877.34,1878.3,1878.35,1876.64,1876.7
2023-07-30 18:58:08,1877.17,1877.28,1878.3,1878.35,1876.64,1876.7
2023-07-30 18:58:39,1877.12,1877.27,1878.2,1878.25,1876.64,1876.7
2023-07-30 18:59:09,1877.13,1877.15,1878.2,1878.25,1876.64,1876.7
2023-07-30 18:59:40,1877.07,1877.18,1878.2,1878.25,1876.64,1876.7
2023-07-30 19:00:11,1877.21,1877.36,1878.2,1878.25,1876.64,1876.7
2023-07-30 19:00:41,1877.26,1877.4,1878.2,1878.25,1876.64,1876.7
2023-07-30 19:01:12,1877.34,1877.51,1878.2,1878.25,1876.64,1876.7
2023-07-30 19:01:43,1877.47,1877.59,1878.65,1878.7,1876.98,1877.04
2023-07-30 19:02:13,1877.3,1877.38,1878.65,1878.7,1876.98,1877.04
2023-07-30 19:02:44,1877.43,1877.58,1878.65,1878.7,1876.98,1877.04
2023-07-30 19:03:15,1877.41,1877.5,1878.65,1878.7,1876.98,1877.04
2023-07-30 19:03:45,1877.39,1877.51,1878.65,1878.7,1876.98,1877.04
2023-07-30 19:04:16,1877.31,1877.44,1878.65,1878.7,1876.98,1877.04
2023-07-30 19:04:47,1877.3,1877.39,1878.65,1878.7,1876.98,1877.04
2023-07-30 19:05:18,1877.61,1877.67,1878.65,1878.7,1876.98,1877.04
2023-07-30 19:05:48,1877.46,1877.63,1878.65,1878.7,1876.98,1877.04
2023-07-30 19:06:19,1877.93,1878.1,1879.0,1879.05,1877.19,1877.25
2023-07-30 19:06:50,1877.55,1877.7,1879.0,1879.05,1877.19,1877.25
2023-07-30 19:07:20,1877.69,1877.81,1879.0,1879.05,1877.19,1877.25
2023-07-30 19:07:51,1877.63,1877.74,1879.0,1879.05,1877.19,1877.25
2023-07-30 19:08:22,1877.74,1877.87,1879.0,1879.05,1877.19,1877.25
2023-07-30 19:08:52,1877.61,1877.74,1879.0,1879.05,1877.19,1877.25
2023-07-30 19:09:23,1877.6,1877.69,1879.0,1879.05,1877.19,1877.25
2023-07-30 19:09:54,1877.7,1877.85,1879.0,1879.05,1877.19,1877.25
2023-07-30 19:10:24,1877.63,1877.79,1879.0,1879.05,1877.67,1877.78
2023-07-30 19:10:55,1877.74,1877.87,1879.0,1879.05,1877.63,1877.69
2023-07-30 19:11:26,1877.93,1878.06,1879.0,1879.05,1877.63,1877.69
2023-07-30 19:11:56,1877.74,1877.9,1879.0,1879.05,1877.67,1877.73
2023-07-30 19:12:27,1877.8,1877.92,1879.0,1879.05,1877.67,1877.73
2023-07-30 19:12:58,1877.63,1877.78,1879.0,1879.05,1877.67,1877.73
2023-07-30 19:13:29,1877.96,1878.07,1879.0,1879.05,1877.74,1877.8
2023-07-30 19:13:59,1877.97,1878.08,1879.0,1879.05,1877.74,1877.8
2023-07-30 19:14:30,1878.14,1878.25,1879.15,1879.2,1877.74,1877.8
2023-07-30 19:15:01,1877.91,1878.04,1879.15,1879.2,1877.74,1877.8
2023-07-30 19:15:31,1877.84,1877.94,1879.15,1879.2,1877.74,1877.8
2023-07-30 19:16:02,1877.96,1878.07,1879.15,1879.2,1877.74,1877.8
2023-07-30 19:16:33,1877.93,1878.04,1879.15,1879.2,1877.74,1877.8
2023-07-30 19:17:03,1877.84,1877.98,1879.15,1879.2,1877.74,1877.8
2023-07-30 19:17:34,1877.8,1877.91,1879.15,1879.2,1877.74,1877.8
2023-07-30 19:18:05,1877.88,1877.97,1879.15,1879.2,1877.74,1877.8
2023-07-30 19:18:35,1878.28,1878.43,1879.3,1879.35,1877.74,1877.8
2023-07-30 19:19:06,1878.21,1878.38,1879.35,1879.4,1877.74,1877.8
2023-07-30 19:19:37,1878.01,1878.11,1879.35,1879.4,1877.74,1877.8
2023-07-30 19:20:07,1878.1,1878.22,1879.35,1879.4,1877.74,1877.8
2023-07-30 19:20:38,1878.09,1878.24,1879.35,1879.4,1877.74,1877.8
2023-07-30 19:21:09,1878.31,1878.48,1879.45,1879.5,1877.74,1877.8
2023-07-30 19:21:40,1877.9,1877.95,1879.45,1879.5,1877.74,1877.75
2023-07-30 19:22:10,1877.67,1877.79,1879.45,1879.5,1877.74,1877.8
2023-07-30 19:22:41,1878.07,1878.19,1879.45,1879.5,1877.74,1877.8
2023-07-30 19:23:12,1878.05,1878.18,1879.45,1879.5,1877.74,1877.8
2023-07-30 19:23:42,1878.46,1878.59,1879.35,1879.4,1877.74,1877.8
2023-07-30 19:24:13,1878.29,1878.43,1879.4,1879.45,1877.74,1877.8
2023-07-30 19:24:44,1878.33,1878.5,1879.4,1879.45,1877.74,1877.8
2023-07-30 19:25:14,1878.34,1878.46,1879.4,1879.45,1877.74,1877.8
2023-07-30 19:25:45,1878.34,1878.49,1879.4,1879.45,1877.74,1877.8
2023-07-30 19:26:16,1878.31,1878.44,1879.4,1879.45,1877.74,1877.8
2023-07-30 19:26:46,1878.48,1878.57,1879.4,1879.45,1877.74,1877.8
2023-07-30 19:27:17,1878.47,1878.5,1879.4,1879.45,1877.74,1877.8
2023-07-30 19:27:48,1878.61,1878.76,1879.4,1879.45,1877.74,1877.8
2023-07-30 19:28:19,1878.41,1878.53,1879.4,1879.45,1877.74,1877.8
2023-07-30 19:28:49,1878.3,1878.52,1879.4,1879.45,1877.74,1877.8
2023-07-30 19:29:20,1878.4,1878.54,1879.4,1879.45,1877.74,1877.8
2023-07-30 19:29:51,1878.96,1879.06,1879.95,1880.0,1877.97,1878.03
2023-07-30 19:30:21,1878.81,1878.98,1879.95,1880.0,1877.97,1878.03
2023-07-30 19:30:52,1878.81,1878.97,1879.95,1880.0,1877.97,1878.03
2023-07-30 19:31:23,1878.5,1878.6,1879.95,1880.0,1877.97,1878.03
2023-07-30 19:31:53,1878.57,1878.67,1879.95,1880.0,1877.97,1878.03
2023-07-30 19:32:24,1878.21,1878.37,1879.95,1880.0,1877.97,1878.03
2023-07-30 19:32:55,1877.62,1877.74,1879.4,1879.45,1877.97,1878.03
2023-07-30 19:33:25,1877.65,1877.74,1878.9,1878.95,1877.97,1878.03
2023-07-30 19:33:56,1877.94,1878.11,1878.9,1878.95,1877.97,1878.03
2023-07-30 19:34:27,1877.95,1878.11,1878.9,1878.95,1877.97,1878.03
2023-07-30 19:34:57,1877.82,1877.94,1878.9,1878.95,1877.97,1878.03
2023-07-30 19:35:28,1877.82,1877.98,1878.9,1878.95,1877.97,1878.03
2023-07-30 19:35:59,1877.82,1877.98,1878.9,1878.95,1877.97,1878.03
2023-07-30 19:36:29,1877.94,1878.04,1878.9,1878.95,1877.97,1878.03
2023-07-30 19:37:00,1877.96,1878.09,1879.05,1879.1,1877.97,1878.03
2023-07-30 19:37:31,1878.01,1878.15,1879.05,1879.1,1877.97,1878.03
2023-07-30 19:38:02,1877.95,1878.09,1879.05,1879.1,1877.97,1878.03
2023-07-30 19:38:32,1877.92,1878.04,1879.05,1879.1,1877.97,1878.03
2023-07-30 19:39:03,1877.83,1877.93,1879.05,1879.1,1877.97,1878.03
2023-07-30 19:39:34,1877.21,1877.28,1878.8,1878.85,1877.84,1877.9
2023-07-30 19:40:04,1877.06,1877.19,1878.8,1878.85,1876.75,1876.91
2023-07-30 19:40:35,1877.15,1877.28,1878.8,1878.85,1876.81,1876.87
2023-07-30 19:41:06,1876.61,1876.69,1878.35,1878.4,1876.81,1876.87
2023-07-30 19:41:36,1876.91,1877.06,1878.35,1878.4,1876.81,1876.87
2023-07-30 19:42:07,1877.4,1877.52,1878.4,1878.45,1876.84,1876.9
2023-07-30 19:42:38,1877.4,1877.48,1878.45,1878.5,1876.84,1876.9
2023-07-30 19:43:09,1877.38,1877.54,1878.45,1878.5,1876.84,1876.9
2023-07-30 19:43:39,1877.26,1877.39,1878.45,1878.5,1876.84,1876.9
2023-07-30 19:44:10,1877.41,1877.54,1878.45,1878.5,1876.84,1876.9
2023-07-30 19:44:41,1877.63,1877.74,1878.45,1878.5,1876.84,1876.9
2023-07-30 19:45:11,1877.63,1877.79,1878.45,1878.5,1876.84,1876.9
2023-07-30 19:45:42,1877.61,1877.71,1878.45,1878.5,1876.84,1876.9
2023-07-30 19:46:13,1877.62,1877.76,1878.45,1878.5,1876.84,1876.9
2023-07-30 19:46:43,1877.62,1877.74,1878.45,1878.5,1876.84,1876.9
2023-07-30 19:47:14,1877.43,1877.54,1878.45,1878.5,1876.84,1876.9
2023-07-30 19:47:45,1877.2,1877.35,1878.45,1878.5,1876.84,1876.9
2023-07-30 19:48:16,1877.08,1877.16,1878.45,1878.5,1876.84,1876.9
2023-07-30 19:48:46,1876.03,1876.1,1877.75,1877.8,1876.82,1876.88
2023-07-30 19:49:17,1872.83,1872.99,1873.65,1873.7,1872.21,1872.38
2023-07-30 19:49:48,1872.95,1873.16,1874.2,1874.25,1872.63,1872.69
2023-07-30 19:50:18,1865.4,1865.95,1866.3,1866.35,1863.6,1863.67
2023-07-30 19:50:49,1866.25,1866.4,1867.3,1867.35,1865.01,1865.52
2023-07-30 19:51:20,1864.28,1864.4,1865.05,1865.1,1863.49,1863.85
2023-07-30 19:51:50,1864.11,1864.28,1864.7,1864.75,1863.19,1863.5
2023-07-30 19:52:21,1865.0,1865.11,1865.75,1865.8,1863.68,1863.81
2023-07-30 19:52:52,1864.09,1864.22,1864.95,1865.0,1863.83,1863.89
2023-07-30 19:53:22,1863.44,1863.66,1864.3,1864.35,1863.0,1863.2
2023-07-30 19:53:53,1863.22,1863.32,1863.9,1863.95,1862.67,1862.73
2023-07-30 19:54:24,1865.12,1865.17,1865.95,1866.0,1864.33,1864.39
2023-07-30 19:54:54,1864.62,1864.76,1865.25,1865.3,1863.49,1863.55
2023-07-30 19:55:25,1862.23,1862.4,1863.35,1863.4,1861.51,1861.57
2023-07-30 19:55:56,1862.81,1862.98,1863.7,1863.75,1861.49,1861.55
2023-07-30 19:56:26,1862.08,1862.33,1863.3,1863.35,1860.7,1860.85
2023-07-30 19:56:57,1861.62,1861.75,1862.55,1862.6,1860.1,1860.33
2023-07-30 19:57:28,1860.02,1860.2,1860.95,1861.0,1858.23,1858.42
2023-07-30 19:57:59,1861.2,1861.29,1862.75,1862.8,1860.02,1860.22
2023-07-30 19:58:29,1862.34,1862.49,1863.5,1863.55,1860.97,1861.03
2023-07-30 19:59:00,1862.3,1862.42,1863.65,1863.7,1861.51,1861.57
2023-07-30 19:59:31,1862.35,1862.49,1863.5,1863.55,1861.18,1861.24
2023-07-30 20:00:01,1861.46,1861.55,1862.8,1862.85,1860.8,1860.99
2023-07-30 20:00:32,1859.17,1859.3,1860.45,1860.5,1858.9,1858.96
2023-07-30 20:01:03,1859.08,1859.13,1860.15,1860.2,1858.51,1858.85
2023-07-30 20:01:34,1857.72,1857.92,1859.25,1859.3,1857.47,1857.82
2023-07-30 20:02:04,1858.48,1858.75,1859.5,1859.55,1857.21,1857.37
2023-07-30 20:02:35,1857.48,1857.61,1858.7,1858.75,1856.61,1857.09
2023-07-30 20:03:06,1855.05,1855.26,1855.75,1855.85,1854.04,1854.25
2023-07-30 20:03:36,1857.08,1857.22,1858.05,1858.1,1856.66,1856.72
2023-07-30 20:04:07,1856.23,1856.51,1857.1,1857.15,1854.84,1854.9
2023-07-30 20:04:38,1855.72,1855.91,1856.7,1856.75,1855.13,1855.46
2023-07-30 20:05:08,1856.58,1856.74,1857.85,1857.9,1855.78,1855.84
2023-07-30 20:05:39,1855.14,1855.3,1856.15,1856.5,1855.01,1855.07
2023-07-30 20:06:10,1854.41,1854.56,1855.15,1855.2,1853.34,1853.4
2023-07-30 20:06:40,1853.75,1853.87,1855.35,1855.4,1853.14,1853.2
2023-07-30 20:07:11,1853.48,1853.59,1854.95,1855.0,1852.98,1853.15
2023-07-30 20:07:42,1854.02,1854.11,1855.05,1855.1,1853.27,1853.33
2023-07-30 20:08:13,1855.18,1855.39,1856.2,1856.25,1854.04,1854.1
2023-07-30 20:08:43,1854.92,1855.08,1856.0,1856.05,1853.93,1854.23
2023-07-30 20:09:14,1856.01,1856.26,1856.75,1856.8,1854.73,1854.79
2023-07-30 20:09:45,1856.61,1856.76,1857.15,1857.2,1855.76,1855.82
2023-07-30 20:10:15,1855.27,1855.39,1856.15,1856.2,1854.54,1854.6
2023-07-30 20:10:46,1854.92,1855.0,1855.55,1855.6,1853.19,1853.92
2023-07-30 20:11:17,1853.71,1853.8,1854.4,1854.45,1852.62,1852.68
2023-07-30 20:11:48,1851.1,1851.24,1852.65,1852.7,1850.29,1850.35
2023-07-30 20:12:18,1852.0,1852.11,1853.0,1853.05,1851.71,1851.89
2023-07-30 20:12:49,1851.01,1851.37,1852.0,1852.05,1850.14,1850.28
2023-07-30 20:13:20,1853.01,1853.16,1853.7,1853.75,1851.86,1852.18
2023-07-30 20:13:50,1853.11,1853.33,1853.95,1854.0,1852.12,1852.18
2023-07-30 20:14:21,1853.52,1853.66,1854.7,1854.75,1852.62,1852.68
2023-07-30 20:14:52,1854.44,1854.59,1855.3,1855.35,1853.74,1853.8
2023-07-30 20:15:22,1852.37,1852.5,1853.35,1853.45,1851.82,1851.88
2023-07-30 20:15:53,1852.46,1852.63,1853.4,1853.45,1851.62,1851.68
2023-07-30 20:16:24,1853.7,1853.81,1855.0,1855.05,1853.04,1853.1
2023-07-30 20:16:55,1855.29,1855.4,1856.15,1856.2,1854.54,1854.6
2023-07-30 20:17:25,1855.89,1855.99,1856.35,1856.4,1854.7,1854.76
2023-07-30 20:17:56,1856.17,1856.31,1857.75,1857.8,1855.92,1855.98
2023-07-30 20:18:27,1857.13,1857.18,1858.15,1858.2,1856.33,1856.39
2023-07-30 20:18:57,1856.82,1856.99,1858.0,1858.05,1856.49,1856.55
2023-07-30 20:19:28,1856.64,1856.86,1858.2,1858.25,1856.49,1856.55
2023-07-30 20:19:59,1855.43,1855.55,1857.0,1857.05,1854.87,1854.93
2023-07-30 20:20:29,1854.95,1855.07,1856.5,1856.55,1854.38,1854.44
2023-07-30 20:21:00,1854.36,1854.49,1855.45,1855.5,1853.39,1853.46
2023-07-30 20:21:31,1855.04,1855.2,1856.05,1856.1,1853.71,1853.77
2023-07-30 20:22:01,1855.63,1855.79,1856.75,1856.8,1854.47,1854.53
2023-07-30 20:22:32,1855.85,1855.99,1856.75,1856.8,1854.19,1854.25
2023-07-30 20:23:03,1854.65,1854.79,1856.0,1856.05,1853.96,1854.02
2023-07-30 20:23:33,1855.07,1855.22,1856.0,1856.05,1853.56,1853.62
2023-07-30 20:24:04,1855.51,1855.66,1856.8,1856.85,1854.42,1854.48
2023-07-30 20:24:35,1855.31,1855.44,1856.25,1856.3,1854.15,1854.21
2023-07-30 20:25:06,1856.3,1856.49,1857.35,1857.4,1854.79,1855.25
2023-07-30 20:25:36,1855.6,1855.74,1856.6,1856.65,1854.56,1854.62
2023-07-30 20:26:07,1857.34,1857.49,1858.3,1858.35,1855.68,1855.74
2023-07-30 20:26:38,1857.23,1857.38,1858.45,1858.5,1856.21,1856.27
2023-07-30 20:27:08,1858.32,1858.5,1859.75,1859.8,1857.09,1857.1
2023-07-30 20:27:39,1859.61,1859.8,1860.85,1860.9,1858.58,1858.64
2023-07-30 20:28:10,1858.33,1858.46,1859.45,1859.5,1857.97,1858.03
2023-07-30 20:28:40,1858.13,1858.25,1859.0,1859.05,1857.54,1857.6
2023-07-30 20:29:11,1859.02,1859.2,1859.7,1859.75,1857.54,1857.6
2023-07-30 20:29:42,1856.23,1856.41,1856.95,1857.0,1854.57,1855.42
2023-07-30 20:30:13,1855.44,1855.59,1856.65,1856.7,1854.61,1854.67
2023-07-30 20:30:43,1855.05,1855.2,1855.9,1855.95,1853.94,1854.0
2023-07-30 20:31:14,1855.12,1855.19,1856.15,1856.2,1854.09,1854.32
2023-07-30 20:31:45,1856.4,1856.55,1857.55,1857.6,1854.61,1854.67
2023-07-30 20:32:15,1856.94,1857.11,1858.1,1858.15,1856.22,1856.28
2023-07-30 20:32:46,1857.37,1857.51,1858.55,1858.6,1856.22,1856.28
2023-07-30 20:33:17,1857.45,1857.65,1858.55,1858.6,1856.22,1856.28
2023-07-30 20:33:47,1856.87,1856.99,1858.2,1858.25,1856.09,1856.15
2023-07-30 20:34:18,1858.0,1858.1,1858.95,1859.0,1856.45,1856.51
2023-07-30 20:34:49,1858.77,1858.93,1859.95,1860.0,1857.37,1857.43
2023-07-30 20:35:19,1857.95,1858.11,1859.25,1859.3,1856.83,1856.89
2023-07-30 20:35:50,1858.56,1858.71,1859.45,1859.5,1857.02,1857.08
2023-07-30 20:36:21,1858.46,1858.58,1859.45,1859.5,1857.18,1857.24
2023-07-30 20:36:52,1858.41,1858.54,1859.45,1859.5,1857.18,1857.24
2023-07-30 20:37:22,1858.0,1858.2,1859.45,1859.5,1857.18,1857.24
2023-07-30 20:37:53,1858.26,1858.39,1859.1,1859.15,1856.98,1857.04
2023-07-30 20:38:24,1859.01,1859.19,1859.95,1860.0,1857.52,1857.58
2023-07-30 20:38:54,1859.61,1859.79,1860.8,1860.85,1858.23,1858.29
2023-07-30 20:39:25,1859.72,1859.87,1860.7,1860.75,1858.61,1858.67
2023-07-30 20:39:56,1859.22,1859.37,1860.25,1860.3,1858.23,1858.48
2023-07-30 20:40:26,1859.31,1859.46,1860.75,1860.8,1858.59,1858.65
2023-07-30 20:40:57,1859.11,1859.23,1860.15,1860.2,1858.02,1858.08
2023-07-30 20:41:28,1859.4,1859.52,1860.75,1860.8,1858.58,1858.64
2023-07-30 20:41:59,1859.65,1859.77,1860.75,1860.8,1858.58,1858.64
2023-07-30 20:42:29,1860.15,1860.31,1861.25,1861.3,1858.71,1858.77
2023-07-30 20:43:00,1859.61,1859.72,1860.85,1860.9,1858.71,1858.77
2023-07-30 20:43:31,1860.37,1860.51,1861.05,1861.1,1858.8,1858.86
2023-07-30 20:44:01,1860.69,1860.84,1861.75,1861.8,1859.73,1859.79
2023-07-30 20:44:32,1860.86,1860.99,1861.95,1862.0,1859.73,1859.79
2023-07-30 20:45:03,1860.93,1861.1,1861.95,1862.0,1859.73,1859.79
2023-07-30 20:45:33,1860.51,1860.64,1861.95,1862.0,1859.9,1859.96
2023-07-30 20:46:04,1860.3,1860.41,1861.7,1861.75,1859.53,1859.59
2023-07-30 20:46:35,1860.06,1860.17,1861.15,1861.2,1859.26,1859.32
2023-07-30 20:47:06,1860.17,1860.3,1861.15,1861.2,1859.26,1859.39
2023-07-30 20:47:36,1859.83,1859.98,1861.15,1861.2,1858.98,1859.04
2023-07-30 20:48:07,1860.67,1860.75,1861.9,1861.95,1859.82,1859.88
2023-07-30 20:48:38,1860.73,1860.8,1861.9,1861.95,1859.82,1859.88
2023-07-30 20:49:08,1861.36,1861.4,1862.15,1862.2,1859.64,1859.7
2023-07-30 20:49:39,1860.92,1861.06,1862.1,1862.15,1859.77,1859.87
2023-07-30 20:50:10,1861.21,1861.32,1862.4,1862.45,1860.23,1860.29
2023-07-30 20:50:40,1860.9,1860.96,1862.25,1862.3,1859.9,1859.96
2023-07-30 20:51:11,1861.03,1861.14,1862.25,1862.3,1859.9,1859.96
2023-07-30 20:51:42,1861.01,1861.12,1862.1,1862.15,1859.9,1859.96
2023-07-30 20:52:12,1860.75,1860.93,1862.1,1862.15,1859.88,1859.94
2023-07-30 20:52:43,1861.02,1861.14,1862.3,1862.35,1860.14,1860.2
2023-07-30 20:53:14,1860.9,1860.99,1862.25,1862.3,1860.14,1860.2
2023-07-30 20:53:45,1860.95,1861.05,1862.25,1862.3,1860.14,1860.2
2023-07-30 20:54:15,1860.5,1860.68,1861.7,1861.75,1860.13,1860.19
2023-07-30 20:54:46,1860.66,1860.78,1861.7,1861.75,1860.13,1860.19
2023-07-30 20:55:17,1863.07,1863.19,1864.1,1864.15,1862.12,1862.18
2023-07-30 20:55:47,1862.42,1862.58,1863.8,1863.85,1862.11,1862.17
2023-07-30 20:56:18,1863.46,1863.63,1864.95,1865.0,1863.03,1863.36
2023-07-30 20:56:49,1863.44,1863.6,1864.85,1864.9,1863.52,1863.58
2023-07-30 20:57:19,1864.04,1864.19,1865.4,1865.45,1863.95,1864.0
2023-07-30 20:57:50,1864.8,1864.94,1865.45,1865.55,1863.95,1864.01
2023-07-30 20:58:21,1864.96,1865.1,1866.1,1866.15,1864.42,1864.83
2023-07-30 20:58:51,1865.02,1865.05,1865.75,1865.8,1864.5,1864.83
2023-07-30 20:59:22,1864.42,1864.58,1865.7,1865.75,1864.72,1864.83
2023-07-30 20:59:53,1865.36,1865.45,1866.3,1866.35,1864.67,1864.73
2023-07-30 21:00:24,1864.53,1864.68,1865.95,1866.0,1864.67,1864.73
2023-07-30 21:00:54,1864.67,1864.78,1865.95,1866.0,1864.67,1864.73
2023-07-30 21:01:25,1865.41,1865.53,1866.3,1866.35,1864.67,1864.73
2023-07-30 21:01:56,1865.02,1865.15,1866.1,1866.15,1864.67,1864.73
2023-07-30 21:02:26,1864.75,1864.85,1865.7,1865.75,1864.67,1864.73
2023-07-30 21:02:57,1864.41,1864.55,1865.5,1865.55,1864.24,1864.49
2023-07-30 21:03:28,1864.65,1864.82,1865.75,1865.8,1864.24,1864.3
2023-07-30 21:03:58,1864.61,1864.74,1865.55,1865.6,1864.24,1864.3
2023-07-30 21:04:29,1864.49,1864.71,1865.45,1865.5,1863.95,1864.01
2023-07-30 21:05:00,1864.2,1864.33,1865.45,1865.5,1863.95,1864.01
2023-07-30 21:05:30,1863.36,1863.51,1864.8,1864.85,1863.02,1863.08
2023-07-30 21:06:01,1863.2,1863.3,1864.4,1864.45,1862.81,1862.87
2023-07-30 21:06:32,1863.41,1863.49,1864.4,1864.45,1862.34,1862.4
2023-07-30 21:07:03,1863.0,1863.19,1864.4,1864.45,1862.34,1862.4
2023-07-30 21:07:33,1862.73,1862.85,1863.8,1863.85,1862.11,1862.17
2023-07-30 21:08:04,1862.58,1862.68,1863.6,1863.65,1862.0,1862.01
2023-07-30 21:08:35,1862.65,1862.79,1863.6,1863.65,1862.0,1862.01
2023-07-30 21:09:05,1862.59,1862.71,1863.5,1863.55,1861.28,1861.34
2023-07-30 21:09:36,1862.61,1862.74,1863.5,1863.55,1861.28,1861.34
2023-07-30 21:10:07,1862.03,1862.15,1863.5,1863.55,1861.1,1861.16
2023-07-30 21:10:37,1861.22,1861.34,1862.4,1862.45,1860.32,1860.38
2023-07-30 21:11:08,1860.98,1861.12,1861.95,1862.0,1860.02,1860.08
2023-07-30 21:11:39,1861.25,1861.34,1861.95,1862.0,1860.02,1860.08
2023-07-30 21:12:09,1861.57,1861.7,1861.95,1862.0,1860.02,1860.08
2023-07-30 21:12:40,1862.06,1862.19,1862.95,1863.0,1860.62,1860.68
2023-07-30 21:13:11,1862.2,1862.3,1862.95,1863.0,1860.8,1860.86
2023-07-30 21:13:42,1862.24,1862.38,1862.95,1863.0,1860.86,1860.92
2023-07-30 21:14:12,1862.12,1862.22,1862.95,1863.0,1860.87,1860.93
2023-07-30 21:14:43,1862.04,1862.1,1862.95,1863.0,1860.87,1860.93
2023-07-30 21:15:14,1862.03,1862.13,1862.95,1863.0,1860.87,1860.93
2023-07-30 21:15:44,1862.01,1862.14,1862.95,1863.0,1860.87,1860.93
2023-07-30 21:16:15,1862.02,1862.13,1862.95,1863.0,1860.87,1860.93
2023-07-30 21:16:46,1862.07,1862.22,1862.95,1863.0,1860.87,1860.93
2023-07-30 21:17:16,1862.24,1862.31,1862.95,1863.0,1860.87,1860.93
2023-07-30 21:17:47,1861.97,1862.06,1862.95,1863.0,1860.87,1860.93
2023-07-30 21:18:18,1861.6,1861.74,1862.9,1862.95,1860.8,1860.86
2023-07-30 21:18:48,1861.75,1861.84,1862.9,1862.95,1860.8,1860.86
2023-07-30 21:19:19,1860.91,1861.04,1862.35,1862.4,1860.38,1860.44
2023-07-30 21:19:50,1860.99,1861.07,1862.35,1862.4,1860.22,1860.28
2023-07-30 21:20:21,1860.96,1861.07,1862.2,1862.25,1860.22,1860.28
2023-07-30 21:20:51,1860.81,1860.97,1862.2,1862.25,1860.22,1860.28
2023-07-30 21:21:22,1860.46,1860.68,1861.95,1862.0,1859.88,1859.94
2023-07-30 21:21:53,1860.77,1860.87,1861.8,1861.85,1859.88,1859.94
2023-07-30 21:22:23,1860.2,1860.3,1861.5,1861.55,1859.86,1859.92
2023-07-30 21:22:54,1859.8,1859.9,1860.8,1860.85,1859.17,1859.23
2023-07-30 21:23:25,1859.78,1859.88,1860.8,1860.85,1859.17,1859.23
2023-07-30 21:23:55,1859.87,1860.04,1860.95,1861.0,1859.17,1859.23
2023-07-30 21:24:26,1859.37,1859.55,1860.7,1860.75,1859.17,1859.23
2023-07-30 21:24:57,1859.37,1859.47,1860.0,1860.05,1858.29,1858.35
2023-07-30 21:25:27,1859.46,1859.56,1860.05,1860.1,1858.37,1858.43
2023-07-30 21:25:58,1859.85,1859.96,1860.4,1860.45,1858.87,1858.93
2023-07-30 21:26:29,1860.01,1860.17,1860.65,1860.7,1858.98,1859.04
2023-07-30 21:27:00,1859.78,1859.89,1860.65,1860.7,1859.12,1859.46
2023-07-30 21:27:30,1859.48,1859.59,1860.55,1860.6,1859.3,1859.46
2023-07-30 21:28:01,1859.15,1859.23,1860.3,1860.35,1858.82,1858.88
2023-07-30 21:28:32,1859.28,1859.37,1860.3,1860.35,1858.82,1858.88
2023-07-30 21:29:02,1858.87,1858.95,1860.05,1860.1,1858.29,1858.36
2023-07-30 21:29:33,1858.49,1858.66,1859.6,1859.65,1858.29,1858.35
2023-07-30 21:30:04,1858.18,1858.27,1859.4,1859.45,1857.91,1857.97
2023-07-30 21:30:34,1858.15,1858.28,1859.2,1859.25,1857.67,1857.73
2023-07-30 21:31:05,1858.13,1858.27,1859.15,1859.2,1857.57,1857.63
2023-07-30 21:31:36,1858.39,1858.47,1859.15,1859.2,1857.83,1857.89
2023-07-30 21:32:06,1858.35,1858.46,1859.15,1859.2,1857.83,1857.89
2023-07-30 21:32:37,1858.27,1858.43,1859.15,1859.2,1857.83,1857.89
2023-07-30 21:33:08,1858.38,1858.49,1859.15,1859.2,1857.83,1857.89
2023-07-30 21:33:39,1858.15,1858.35,1859.15,1859.2,1857.83,1857.89
2023-07-30 21:34:09,1858.21,1858.35,1859.15,1859.2,1857.83,1857.89
2023-07-30 21:34:40,1857.9,1857.97,1859.15,1859.2,1857.33,1857.39
2023-07-30 21:35:11,1857.87,1857.97,1858.95,1859.0,1857.25,1857.31
2023-07-30 21:35:41,1857.73,1857.89,1858.75,1858.8,1857.24,1857.3
2023-07-30 21:36:12,1857.67,1857.76,1858.75,1858.8,1857.14,1857.2
2023-07-30 21:36:43,1857.6,1857.73,1858.75,1858.8,1857.14,1857.2
2023-07-30 21:37:13,1857.6,1857.71,1858.6,1858.65,1857.14,1857.2
2023-07-30 21:37:44,1857.56,1857.7,1858.6,1858.65,1857.14,1857.2
2023-07-30 21:38:15,1857.54,1857.73,1858.6,1858.65,1857.14,1857.2
2023-07-30 21:38:45,1857.58,1857.7,1858.6,1858.65,1857.14,1857.2
2023-07-30 21:39:16,1857.56,1857.73,1858.6,1858.65,1857.14,1857.2
2023-07-30 21:39:47,1857.67,1857.8,1858.6,1858.65,1857.14,1857.2
2023-07-30 21:40:18,1857.82,1857.93,1858.6,1858.65,1857.14,1857.2
2023-07-30 21:40:48,1857.83,1857.96,1858.6,1858.65,1857.14,1857.2
2023-07-30 21:41:19,1859.42,1859.54,1860.15,1860.2,1858.67,1858.73
2023-07-30 21:41:50,1860.59,1860.69,1861.1,1861.15,1859.53,1859.59
2023-07-30 21:42:20,1860.09,1860.2,1861.0,1861.05,1859.53,1859.59
2023-07-30 21:42:51,1859.62,1859.74,1860.7,1860.75,1859.28,1859.34
2023-07-30 21:43:22,1859.51,1859.68,1860.7,1860.75,1859.28,1859.34
2023-07-30 21:43:53,1859.66,1859.86,1860.7,1860.75,1859.28,1859.34
2023-07-30 21:44:23,1860.06,1860.37,1860.55,1860.6,1859.28,1859.34
2023-07-30 21:44:54,1859.87,1860.24,1860.55,1860.6,1859.28,1859.34
2023-07-30 21:45:25,1860.41,1860.65,1860.95,1861.0,1859.28,1859.34
2023-07-30 21:45:55,1859.96,1860.13,1860.95,1861.0,1859.28,1859.34
2023-07-30 21:46:26,1860.17,1860.27,1860.95,1861.0,1859.28,1859.34
2023-07-30 21:46:57,1859.75,1859.95,1860.95,1861.0,1859.28,1859.34
2023-07-30 21:47:27,1860.37,1860.5,1860.7,1860.75,1859.53,1859.59
2023-07-30 21:47:58,1860.41,1860.69,1861.1,1861.15,1859.53,1859.59
2023-07-30 21:48:29,1860.36,1860.54,1861.1,1861.15,1859.53,1859.59
2023-07-30 21:49:00,1860.23,1860.51,1861.1,1861.15,1859.53,1859.59
2023-07-30 21:49:30,1860.26,1860.51,1861.1,1861.15,1859.53,1859.59
2023-07-30 21:50:01,1860.63,1861.1,1861.55,1861.6,1859.53,1859.59
2023-07-30 21:50:32,1860.83,1861.09,1861.55,1861.6,1859.7,1859.76
2023-07-30 21:51:02,1860.78,1861.29,1861.55,1861.6,1859.7,1859.76
2023-07-30 21:51:33,1860.86,1861.28,1861.55,1861.6,1859.7,1859.76
2023-07-30 21:52:04,1860.7,1861.16,1861.55,1861.6,1859.7,1859.76
2023-07-30 21:52:34,1861.04,1861.27,1861.55,1861.6,1859.7,1859.76
2023-07-30 21:53:05,1861.89,1862.32,1862.25,1862.3,1860.34,1860.4
2023-07-30 21:53:36,1861.71,1862.23,1862.5,1862.55,1860.53,1860.59
2023-07-30 21:54:07,1862.27,1862.48,1863.05,1863.1,1860.87,1860.93
2023-07-30 21:54:37,1862.23,1862.39,1863.05,1863.1,1860.89,1860.95
2023-07-30 21:55:08,1862.8,1863.04,1863.8,1863.85,1861.66,1861.72
2023-07-30 21:55:39,1862.84,1863.05,1863.8,1863.85,1861.83,1861.89
2023-07-30 21:56:09,1862.81,1862.96,1863.8,1863.85,1861.83,1861.89
2023-07-30 21:56:40,1862.48,1862.74,1863.7,1863.75,1861.83,1861.89
2023-07-30 21:57:11,1862.26,1862.43,1863.4,1863.45,1861.66,1861.72
2023-07-30 21:57:41,1862.09,1862.21,1863.15,1863.2,1861.57,1861.7
2023-07-30 21:58:12,1861.92,1862.02,1863.05,1863.1,1861.36,1861.65
2023-07-30 21:58:43,1861.57,1861.79,1863.05,1863.1,1861.07,1861.13
2023-07-30 21:59:13,1861.51,1861.71,1862.7,1862.75,1860.92,1860.98
2023-07-30 21:59:44,1861.32,1861.47,1862.7,1862.75,1860.87,1860.93
2023-07-30 22:00:15,1860.8,1860.98,1862.0,1862.05,1860.24,1860.39
2023-07-30 22:00:46,1860.4,1860.47,1861.15,1861.2,1859.97,1860.05
2023-07-30 22:01:16,1860.32,1860.45,1861.15,1861.2,1859.7,1859.76
2023-07-30 22:01:47,1861.01,1861.16,1862.0,1862.05,1859.93,1860.26
2023-07-30 22:02:18,1860.86,1860.99,1861.7,1861.75,1860.13,1860.8
2023-07-30 22:02:48,1860.53,1860.67,1861.5,1861.55,1859.8,1859.86
2023-07-30 22:03:19,1860.14,1860.3,1861.1,1861.15,1859.51,1859.66
2023-07-30 22:03:50,1860.4,1860.52,1861.1,1861.15,1859.51,1859.57
2023-07-30 22:04:20,1860.07,1860.19,1861.1,1861.15,1859.4,1859.46
2023-07-30 22:04:51,1859.81,1859.98,1860.55,1860.6,1858.96,1859.02
2023-07-30 22:05:22,1859.21,1859.39,1860.5,1860.55,1858.56,1858.62
2023-07-30 22:05:52,1859.27,1859.37,1860.25,1860.3,1858.5,1858.56
2023-07-30 22:06:23,1859.2,1859.34,1860.25,1860.3,1858.5,1858.56
2023-07-30 22:06:54,1858.99,1859.11,1860.0,1860.05,1858.46,1858.52
2023-07-30 22:07:25,1858.97,1859.1,1860.0,1860.05,1858.17,1858.23
2023-07-30 22:07:55,1859.05,1859.22,1859.75,1859.8,1858.05,1858.11
2023-07-30 22:08:26,1859.16,1859.3,1859.75,1859.8,1858.05,1858.11
2023-07-30 22:08:57,1859.0,1859.12,1859.75,1859.8,1858.05,1858.11
2023-07-30 22:09:27,1858.82,1858.96,1859.75,1859.8,1858.05,1858.11
2023-07-30 22:09:58,1858.84,1858.91,1859.75,1859.8,1858.05,1858.11
2023-07-30 22:10:29,1858.14,1858.25,1859.0,1859.05,1857.45,1857.51
2023-07-30 22:11:00,1858.15,1858.29,1859.0,1859.05,1857.45,1857.51
2023-07-30 22:11:30,1857.86,1857.96,1858.5,1858.55,1856.91,1856.97
2023-07-30 22:12:01,1857.84,1857.98,1858.5,1858.55,1856.91,1856.97
2023-07-30 22:12:32,1857.85,1858.0,1858.5,1858.55,1856.91,1856.97
2023-07-30 22:13:02,1857.27,1857.46,1858.2,1858.25,1856.62,1856.68
2023-07-30 22:13:33,1856.93,1857.15,1858.0,1858.05,1856.38,1856.44
2023-07-30 22:14:04,1857.23,1857.34,1858.0,1858.05,1856.32,1856.38
2023-07-30 22:14:34,1857.2,1857.33,1858.0,1858.05,1856.32,1856.38
2023-07-30 22:15:05,1857.47,1857.59,1858.0,1858.05,1856.32,1856.38
2023-07-30 22:15:36,1857.4,1857.52,1858.0,1858.05,1856.32,1856.38
2023-07-30 22:16:07,1857.37,1857.52,1858.0,1858.05,1856.32,1856.38
2023-07-30 22:16:37,1858.31,1858.46,1858.95,1859.0,1856.9,1856.96
2023-07-30 22:17:08,1857.21,1857.3,1858.2,1858.25,1856.4,1856.46
2023-07-30 22:17:39,1857.06,1857.16,1858.0,1858.05,1856.2,1856.26
2023-07-30 22:18:09,1857.01,1857.09,1858.0,1858.05,1856.09,1856.15
2023-07-30 22:18:40,1857.19,1857.27,1858.0,1858.05,1856.09,1856.15
2023-07-30 22:19:11,1857.44,1857.54,1858.0,1858.05,1856.09,1856.15
2023-07-30 22:19:41,1857.5,1857.6,1858.25,1858.3,1856.61,1856.67
2023-07-30 22:20:12,1857.81,1857.94,1858.35,1858.4,1856.63,1856.69
2023-07-30 22:20:43,1857.91,1857.93,1858.75,1858.8,1856.63,1856.69
2023-07-30 22:21:14,1858.01,1858.14,1859.15,1859.2,1857.11,1857.22
2023-07-30 22:21:44,1857.67,1857.79,1858.7,1858.75,1856.98,1857.04
2023-07-30 22:22:15,1857.67,1857.8,1858.7,1858.75,1856.98,1857.04
2023-07-30 22:22:46,1857.55,1857.7,1858.7,1858.75,1856.98,1857.04
2023-07-30 22:23:16,1857.69,1857.82,1858.7,1858.75,1856.98,1857.04
2023-07-30 22:23:47,1857.68,1857.79,1858.7,1858.75,1856.98,1857.04
2023-07-30 22:24:18,1857.66,1857.79,1858.45,1858.5,1856.9,1856.96
2023-07-30 22:24:48,1857.68,1857.77,1858.45,1858.5,1856.9,1856.96
2023-07-30 22:25:19,1857.7,1857.83,1858.45,1858.5,1856.9,1856.96
2023-07-30 22:25:50,1857.59,1857.73,1858.45,1858.5,1856.9,1856.96
2023-07-30 22:26:20,1857.59,1857.73,1858.45,1858.5,1856.9,1856.96
2023-07-30 22:26:51,1857.59,1857.75,1858.75,1858.8,1856.9,1856.96
2023-07-30 22:27:22,1857.67,1857.77,1858.75,1858.8,1856.9,1856.96
2023-07-30 22:27:53,1857.74,1857.87,1858.75,1858.8,1856.9,1856.96
2023-07-30 22:28:23,1857.72,1857.82,1858.75,1858.8,1856.9,1856.96
2023-07-30 22:28:54,1857.59,1857.71,1858.75,1858.8,1856.9,1856.96
2023-07-30 22:29:25,1856.97,1857.1,1857.85,1857.9,1856.31,1856.37
2023-07-30 22:29:55,1856.95,1857.11,1857.85,1857.9,1856.31,1856.37
2023-07-30 22:30:26,1857.17,1857.27,1857.85,1857.9,1856.31,1856.37
2023-07-30 22:30:57,1856.81,1856.89,1857.65,1857.7,1856.11,1856.17
2023-07-30 22:31:28,1856.64,1856.8,1857.1,1857.15,1855.56,1855.62
2023-07-30 22:31:58,1856.62,1856.75,1857.1,1857.15,1855.56,1855.62
2023-07-30 22:32:29,1857.31,1857.41,1858.0,1858.05,1855.92,1855.98
2023-07-30 22:33:00,1857.37,1857.53,1858.0,1858.05,1856.31,1856.37
2023-07-30 22:33:30,1856.96,1857.04,1857.75,1857.8,1856.12,1856.18
2023-07-30 22:34:01,1856.92,1856.99,1857.75,1857.8,1856.12,1856.18
2023-07-30 22:34:32,1856.94,1857.1,1857.75,1857.8,1856.12,1856.18
2023-07-30 22:35:02,1857.01,1857.11,1857.75,1857.8,1856.12,1856.18
2023-07-30 22:35:33,1857.2,1857.38,1858.3,1858.35,1856.12,1856.18
2023-07-30 22:36:04,1857.37,1857.55,1858.3,1858.35,1856.74,1856.85
2023-07-30 22:36:34,1857.42,1857.54,1858.3,1858.35,1856.47,1856.53
2023-07-30 22:37:05,1857.47,1857.59,1858.3,1858.35,1856.47,1856.53
2023-07-30 22:37:36,1857.61,1857.75,1858.3,1858.35,1856.47,1856.53
2023-07-30 22:38:07,1857.87,1857.96,1858.65,1858.7,1856.95,1857.01
2023-07-30 22:38:37,1857.96,1858.06,1858.65,1858.7,1856.95,1857.01
2023-07-30 22:39:08,1857.85,1857.92,1858.65,1858.7,1856.96,1857.48
2023-07-30 22:39:39,1857.73,1857.86,1858.65,1858.7,1857.05,1857.11
2023-07-30 22:40:09,1856.91,1857.04,1858.05,1858.1,1856.2,1856.26
2023-07-30 22:40:40,1857.49,1857.6,1858.05,1858.1,1856.2,1856.26
2023-07-30 22:41:11,1857.26,1857.35,1858.05,1858.1,1856.2,1856.26
2023-07-30 22:41:42,1856.93,1857.06,1857.6,1857.65,1855.69,1855.75
2023-07-30 22:42:12,1856.57,1856.7,1857.6,1857.65,1855.54,1855.6
2023-07-30 22:42:43,1856.61,1856.72,1857.6,1857.65,1855.54,1855.6
2023-07-30 22:43:14,1856.03,1856.12,1857.0,1857.05,1855.19,1855.2
2023-07-30 22:43:44,1855.88,1856.03,1857.0,1857.05,1855.19,1855.2
2023-07-30 22:44:15,1855.95,1856.1,1857.0,1857.05,1855.19,1855.2
2023-07-30 22:44:46,1855.39,1855.43,1856.0,1856.05,1854.39,1854.45
2023-07-30 22:45:16,1855.67,1855.84,1856.0,1856.05,1854.39,1854.45
2023-07-30 22:45:47,1855.61,1855.76,1856.5,1856.55,1854.39,1854.45
2023-07-30 22:46:18,1855.13,1855.3,1856.0,1856.05,1854.16,1854.22
2023-07-30 22:46:49,1855.07,1855.15,1855.35,1855.4,1853.87,1853.93
2023-07-30 22:47:19,1854.92,1855.08,1855.35,1855.4,1853.85,1853.91
2023-07-30 22:47:50,1854.85,1854.87,1855.35,1855.4,1853.85,1853.91
2023-07-30 22:48:21,1855.63,1855.76,1856.4,1856.45,1854.7,1854.76
2023-07-30 22:48:51,1856.27,1856.37,1856.85,1856.9,1855.1,1855.16
2023-07-30 22:49:22,1855.77,1855.85,1856.75,1856.8,1855.1,1855.16
2023-07-30 22:49:53,1855.85,1855.93,1856.2,1856.25,1854.63,1854.69
2023-07-30 22:50:23,1855.9,1856.01,1856.25,1856.3,1854.63,1854.69
2023-07-30 22:50:54,1856.21,1856.37,1856.6,1856.65,1854.63,1854.69
2023-07-30 22:51:25,1856.46,1856.62,1857.15,1857.2,1855.1,1855.16
2023-07-30 22:51:56,1857.36,1857.53,1857.95,1858.0,1855.95,1856.01
2023-07-30 22:52:26,1856.41,1856.54,1857.15,1857.2,1855.5,1855.56
2023-07-30 22:52:57,1856.09,1856.23,1857.05,1857.1,1855.42,1855.48
2023-07-30 22:53:28,1856.15,1856.29,1857.05,1857.1,1855.42,1855.48
2023-07-30 22:53:58,1855.86,1856.0,1857.05,1857.1,1855.2,1855.26
2023-07-30 22:54:29,1855.86,1855.98,1856.85,1856.9,1855.19,1855.25
2023-07-30 22:55:00,1856.23,1856.41,1856.85,1856.9,1855.14,1855.2
2023-07-30 22:55:31,1856.33,1856.44,1856.85,1856.9,1855.14,1855.2
2023-07-30 22:56:01,1855.78,1855.95,1856.5,1856.55,1855.01,1855.07
2023-07-30 22:56:32,1855.9,1856.04,1856.5,1856.55,1855.01,1855.07
2023-07-30 22:57:03,1855.82,1855.9,1856.5,1856.55,1855.01,1855.07
2023-07-30 22:57:33,1855.54,1855.63,1856.5,1856.55,1854.86,1854.92
2023-07-30 22:58:04,1855.55,1855.66,1856.5,1856.55,1854.75,1854.81
2023-07-30 22:58:35,1855.51,1855.65,1856.5,1856.55,1854.73,1854.79
2023-07-30 22:59:05,1855.53,1855.67,1856.5,1856.55,1854.73,1854.79
2023-07-30 22:59:36,1855.69,1855.85,1856.5,1856.55,1854.73,1854.79
2023-07-30 23:00:07,1855.58,1855.68,1856.25,1856.3,1854.66,1854.72
2023-07-30 23:00:37,1855.92,1855.99,1856.5,1856.55,1854.66,1854.72
2023-07-30 23:01:08,1856.26,1856.36,1856.9,1856.95,1854.75,1854.81
2023-07-30 23:01:39,1856.3,1856.42,1857.3,1857.35,1855.1,1855.16
2023-07-30 23:02:10,1856.63,1856.76,1857.5,1857.55,1855.1,1855.16
2023-07-30 23:02:40,1856.48,1856.62,1857.5,1857.55,1855.13,1855.3
2023-07-30 23:03:11,1856.61,1856.7,1857.5,1857.55,1855.26,1855.32
2023-07-30 23:03:42,1856.47,1856.61,1857.5,1857.55,1855.26,1855.32
2023-07-30 23:04:12,1856.18,1856.28,1857.15,1857.2,1855.22,1855.28
2023-07-30 23:04:43,1856.71,1856.82,1857.25,1857.3,1855.36,1855.42
2023-07-30 23:05:14,1856.45,1856.63,1857.25,1857.3,1855.36,1855.42
2023-07-30 23:05:44,1856.27,1856.39,1856.9,1856.95,1855.27,1855.33
2023-07-30 23:06:15,1856.53,1856.68,1857.2,1857.25,1855.34,1855.7
2023-07-30 23:06:46,1856.45,1856.56,1857.2,1857.25,1855.36,1855.42
2023-07-30 23:07:17,1857.22,1857.36,1857.55,1857.6,1856.0,1856.06
2023-07-30 23:07:47,1857.43,1857.5,1858.3,1858.35,1856.26,1856.32
2023-07-30 23:08:18,1857.63,1857.77,1858.3,1858.35,1856.26,1856.32
2023-07-30 23:08:49,1857.94,1858.07,1858.85,1858.9,1856.48,1856.5
2023-07-30 23:09:20,1858.81,1858.98,1859.4,1859.45,1857.38,1857.44
2023-07-30 23:09:50,1858.74,1858.87,1859.5,1859.55,1857.38,1857.44
2023-07-30 23:10:21,1858.12,1858.22,1859.05,1859.1,1857.38,1857.44
2023-07-30 23:10:52,1857.46,1857.6,1858.25,1858.3,1856.62,1856.68
2023-07-30 23:11:22,1857.91,1858.0,1858.6,1858.65,1856.62,1856.68
2023-07-30 23:11:53,1858.66,1858.82,1858.95,1859.0,1857.17,1857.23
2023-07-30 23:12:24,1858.95,1859.09,1859.6,1859.65,1857.55,1857.61
2023-07-30 23:12:54,1859.2,1859.32,1859.8,1859.85,1857.73,1857.79
2023-07-30 23:13:25,1859.43,1859.56,1860.25,1860.3,1858.5,1858.56
2023-07-30 23:13:56,1859.77,1859.95,1860.25,1860.3,1858.5,1858.56
2023-07-30 23:14:27,1859.73,1859.87,1860.45,1860.5,1858.55,1858.66
2023-07-30 23:14:57,1859.3,1859.36,1860.15,1860.2,1858.5,1858.56
2023-07-30 23:15:28,1859.68,1859.83,1860.15,1860.2,1858.5,1858.56
2023-07-30 23:15:59,1859.6,1859.71,1860.4,1860.45,1858.5,1858.56
2023-07-30 23:16:29,1859.63,1859.78,1860.4,1860.45,1858.5,1858.56
2023-07-30 23:17:00,1859.01,1859.16,1860.0,1860.05,1858.26,1858.32
2023-07-30 23:17:31,1859.05,1859.13,1859.75,1859.8,1858.07,1858.13
2023-07-30 23:18:01,1859.81,1859.97,1860.5,1860.55,1858.37,1858.43
2023-07-30 23:18:32,1860.35,1860.48,1860.95,1861.0,1858.79,1858.85
2023-07-30 23:19:03,1860.13,1860.26,1860.95,1861.0,1858.79,1858.85
2023-07-30 23:19:34,1860.4,1860.54,1860.95,1861.0,1858.98,1859.21
2023-07-30 23:20:04,1861.26,1861.34,1862.35,1862.4,1860.14,1860.2
2023-07-30 23:20:35,1860.84,1860.98,1861.9,1861.95,1859.94,1860.0
2023-07-30 23:21:06,1861.31,1861.42,1862.15,1862.2,1859.94,1860.0
2023-07-30 23:21:36,1861.25,1861.36,1861.95,1862.0,1859.94,1860.0
2023-07-30 23:22:07,1861.72,1861.83,1862.4,1862.45,1860.16,1860.22
2023-07-30 23:22:38,1861.57,1861.7,1862.4,1862.45,1860.16,1860.22
2023-07-30 23:23:08,1861.64,1861.77,1862.45,1862.5,1860.16,1860.22
2023-07-30 23:23:39,1861.43,1861.54,1862.45,1862.5,1860.16,1860.22
2023-07-30 23:24:10,1861.01,1861.11,1862.1,1862.15,1860.16,1860.22
2023-07-30 23:24:41,1861.57,1861.65,1862.35,1862.4,1860.16,1860.22
2023-07-30 23:25:11,1861.69,1861.8,1862.7,1862.75,1860.25,1860.31
2023-07-30 23:25:42,1861.26,1861.37,1862.5,1862.55,1860.25,1860.31
2023-07-30 23:26:13,1860.76,1860.88,1861.9,1861.95,1860.06,1860.12
2023-07-30 23:26:43,1860.9,1861.04,1862.35,1862.4,1860.05,1860.11
2023-07-30 23:27:14,1861.28,1861.44,1862.35,1862.4,1860.05,1860.11
2023-07-30 23:27:45,1861.23,1861.36,1862.4,1862.45,1860.05,1860.11
2023-07-30 23:28:15,1861.42,1861.57,1862.4,1862.45,1860.05,1860.11
2023-07-30 23:28:46,1861.41,1861.59,1862.55,1862.6,1860.21,1860.27
2023-07-30 23:29:17,1861.64,1861.77,1862.75,1862.8,1860.57,1860.63
2023-07-30 23:29:48,1861.69,1861.79,1862.75,1862.8,1860.57,1860.63
2023-07-30 23:30:18,1861.88,1861.99,1862.8,1862.85,1860.57,1860.63
2023-07-30 23:30:49,1861.87,1861.99,1862.8,1862.85,1860.81,1860.87
2023-07-30 23:31:20,1861.71,1861.94,1862.8,1862.85,1860.81,1860.87
2023-07-30 23:31:50,1862.11,1862.23,1862.8,1862.85,1860.81,1860.87
2023-07-30 23:32:21,1862.14,1862.28,1862.8,1862.85,1860.81,1860.87
2023-07-30 23:32:52,1862.19,1862.31,1862.8,1862.85,1860.81,1860.87
2023-07-30 23:33:23,1861.72,1861.89,1862.8,1862.85,1860.81,1860.87
2023-07-30 23:33:53,1862.01,1862.17,1862.8,1862.85,1860.81,1860.87
2023-07-30 23:34:24,1862.21,1862.32,1863.2,1863.25,1861.1,1861.16
2023-07-30 23:34:55,1862.6,1862.72,1863.45,1863.5,1861.36,1861.42
2023-07-30 23:35:25,1862.87,1862.97,1863.55,1863.6,1861.5,1861.56
2023-07-30 23:35:56,1862.21,1862.34,1863.25,1863.3,1861.49,1861.55
2023-07-30 23:36:27,1862.81,1862.93,1863.6,1863.65,1861.49,1861.55
2023-07-30 23:36:57,1862.78,1862.91,1863.95,1864.0,1861.76,1861.82
2023-07-30 23:37:28,1862.54,1862.64,1863.95,1864.0,1861.76,1861.82
2023-07-30 23:37:59,1862.58,1862.72,1863.95,1864.0,1861.76,1861.82
2023-07-30 23:38:29,1862.56,1862.68,1863.95,1864.0,1861.76,1861.82
2023-07-30 23:39:00,1862.26,1862.35,1863.5,1863.55,1861.72,1861.78
2023-07-30 23:39:31,1862.23,1862.34,1863.5,1863.55,1861.72,1861.78
2023-07-30 23:40:02,1862.56,1862.7,1863.5,1863.55,1861.72,1861.78
2023-07-30 23:40:32,1862.86,1863.01,1863.8,1863.85,1861.72,1861.78
2023-07-30 23:41:03,1862.87,1863.0,1863.8,1863.85,1861.72,1861.78
2023-07-30 23:41:34,1862.32,1862.42,1863.8,1863.85,1861.72,1861.78
2023-07-30 23:42:04,1862.18,1862.26,1863.5,1863.55,1861.68,1861.74
2023-07-30 23:42:35,1862.2,1862.28,1863.5,1863.55,1861.68,1861.74
2023-07-30 23:43:06,1862.09,1862.24,1863.5,1863.55,1861.68,1861.74
2023-07-30 23:43:36,1862.6,1862.74,1863.5,1863.55,1861.68,1861.74
2023-07-30 23:44:07,1862.68,1862.79,1863.75,1863.8,1861.68,1861.74
2023-07-30 23:44:38,1862.05,1862.12,1863.3,1863.35,1861.59,1861.65
2023-07-30 23:45:09,1862.29,1862.4,1863.3,1863.35,1861.39,1861.45
2023-07-30 23:45:39,1862.14,1862.24,1863.3,1863.35,1861.39,1861.45
2023-07-30 23:46:10,1862.01,1862.15,1863.3,1863.35,1861.39,1861.45
2023-07-30 23:46:41,1861.33,1861.48,1862.45,1862.5,1860.9,1861.13
2023-07-30 23:47:11,1861.43,1861.55,1862.45,1862.5,1860.9,1861.12
2023-07-30 23:47:42,1861.38,1861.52,1862.45,1862.5,1860.9,1861.12
2023-07-30 23:48:13,1861.44,1861.55,1862.45,1862.5,1860.9,1861.11
2023-07-30 23:48:44,1861.55,1861.68,1862.45,1862.5,1861.15,1861.21
2023-07-30 23:49:14,1861.21,1861.28,1862.45,1862.5,1861.15,1861.21
2023-07-30 23:49:45,1861.2,1861.31,1862.15,1862.2,1860.78,1860.84
2023-07-30 23:50:16,1861.36,1861.47,1862.15,1862.2,1860.5,1860.56
2023-07-30 23:50:46,1861.33,1861.41,1862.15,1862.2,1860.75,1860.81
2023-07-30 23:51:17,1861.61,1861.72,1862.5,1862.55,1861.26,1861.32
2023-07-30 23:51:48,1861.59,1861.69,1862.5,1862.55,1861.26,1861.32
2023-07-30 23:52:18,1861.32,1861.48,1862.5,1862.55,1861.26,1861.32
2023-07-30 23:52:49,1861.39,1861.48,1862.5,1862.55,1861.26,1861.32
2023-07-30 23:53:20,1861.46,1861.57,1862.5,1862.55,1861.26,1861.32
2023-07-30 23:53:50,1861.61,1861.71,1862.5,1862.55,1861.26,1861.32
2023-07-30 23:54:21,1861.67,1861.79,1862.65,1862.7,1861.29,1861.35
2023-07-30 23:54:52,1861.63,1861.77,1862.65,1862.7,1861.29,1861.35
2023-07-30 23:55:23,1861.89,1861.99,1862.65,1862.7,1861.38,1861.44
2023-07-30 23:55:53,1861.7,1861.79,1862.65,1862.7,1861.38,1861.44
2023-07-30 23:56:24,1861.61,1861.73,1862.65,1862.7,1861.38,1861.44
2023-07-30 23:56:55,1861.34,1861.52,1862.65,1862.7,1861.38,1861.44
2023-07-30 23:57:25,1861.1,1861.2,1862.65,1862.7,1860.52,1860.75
2023-07-30 23:57:56,1861.07,1861.18,1862.65,1862.7,1860.86,1860.92
2023-07-30 23:58:27,1861.31,1861.42,1862.65,1862.7,1860.86,1860.92
2023-07-30 23:58:57,1861.49,1861.64,1862.65,1862.7,1861.38,1861.44
2023-07-30 23:59:28,1861.56,1861.67,1862.65,1862.7,1861.38,1861.44
2023-07-30 23:59:59,1861.45,1861.54,1862.65,1862.7,1861.38,1861.44
2023-07-31 00:00:29,1861.28,1861.39,1862.15,1862.2,1861.36,1861.46
2023-07-31 00:01:00,1861.07,1861.18,1862.15,1862.2,1860.49,1861.02
2023-07-31 00:01:31,1861.06,1861.16,1862.15,1862.2,1860.78,1860.88
2023-07-31 00:02:02,1861.22,1861.39,1862.15,1862.2,1860.78,1860.88
2023-07-31 00:02:32,1861.19,1861.33,1862.15,1862.2,1860.78,1860.88
2023-07-31 00:03:03,1861.41,1861.58,1862.15,1862.2,1860.98,1861.08
2023-07-31 00:03:34,1861.18,1861.31,1862.15,1862.2,1860.98,1861.08
2023-07-31 00:04:04,1860.8,1860.95,1862.15,1862.2,1860.98,1861.08
2023-07-31 00:04:35,1861.33,1861.48,1862.0,1862.05,1860.49,1860.59
2023-07-31 00:05:06,1861.51,1861.65,1862.4,1862.45,1860.49,1860.59
2023-07-31 00:05:37,1861.21,1861.31,1862.15,1862.2,1860.49,1860.59
2023-07-31 00:06:07,1860.89,1861.02,1861.75,1861.8,1860.23,1860.33
2023-07-31 00:06:38,1860.77,1860.89,1861.75,1861.8,1860.23,1860.33
2023-07-31 00:07:09,1860.78,1860.92,1861.75,1861.8,1860.23,1860.33
2023-07-31 00:07:40,1860.75,1860.86,1861.6,1861.65,1860.23,1860.33
2023-07-31 00:08:10,1860.89,1861.0,1861.6,1861.65,1860.23,1860.33
2023-07-31 00:08:41,1861.12,1861.22,1861.7,1861.75,1860.23,1860.33
2023-07-31 00:09:12,1861.25,1861.38,1862.05,1862.1,1860.39,1860.49
2023-07-31 00:09:42,1861.42,1861.58,1862.05,1862.1,1860.39,1860.49
2023-07-31 00:10:13,1860.9,1861.04,1861.8,1861.85,1860.23,1860.4
2023-07-31 00:10:44,1860.65,1860.79,1861.8,1861.85,1860.23,1860.33
2023-07-31 00:11:14,1861.37,1861.54,1862.05,1862.1,1860.23,1860.33
2023-07-31 00:11:45,1861.44,1861.59,1862.05,1862.1,1860.23,1860.33
2023-07-31 00:12:16,1861.41,1861.52,1862.05,1862.1,1860.23,1860.33
2023-07-31 00:12:46,1861.06,1861.19,1862.05,1862.1,1860.23,1860.33
2023-07-31 00:13:17,1860.71,1860.86,1861.75,1861.8,1860.23,1860.33
2023-07-31 00:13:48,1861.03,1861.1,1861.65,1861.7,1860.23,1860.33
2023-07-31 00:14:19,1861.24,1861.43,1861.65,1861.7,1860.23,1860.33
2023-07-31 00:14:49,1861.33,1861.47,1861.65,1861.7,1860.23,1860.33
2023-07-31 00:15:20,1861.37,1861.52,1861.8,1861.85,1860.23,1860.33
2023-07-31 00:15:51,1861.44,1861.56,1861.85,1861.9,1860.23,1860.33
2023-07-31 00:16:21,1860.81,1860.95,1861.75,1861.8,1860.23,1860.33
2023-07-31 00:16:52,1861.18,1861.29,1861.75,1861.8,1860.23,1860.33
2023-07-31 00:17:23,1860.74,1860.88,1861.75,1861.8,1860.23,1860.33
2023-07-31 00:17:53,1861.07,1861.29,1861.75,1861.8,1860.23,1860.33
2023-07-31 00:18:24,1861.04,1861.18,1861.75,1861.8,1860.23,1860.33
2023-07-31 00:18:55,1861.31,1861.41,1861.95,1862.0,1860.23,1860.33
2023-07-31 00:19:26,1861.81,1861.93,1862.35,1862.4,1860.23,1860.33
2023-07-31 00:19:56,1862.19,1862.33,1862.8,1862.85,1860.73,1861.03
2023-07-31 00:20:27,1862.36,1862.49,1862.95,1863.0,1861.18,1861.28
2023-07-31 00:20:58,1862.78,1862.9,1863.95,1864.0,1862.02,1862.12
2023-07-31 00:21:28,1862.3,1862.46,1863.55,1863.6,1862.0,1862.1
2023-07-31 00:21:59,1862.71,1862.79,1863.55,1863.6,1862.0,1862.1
2023-07-31 00:22:30,1861.98,1862.14,1863.0,1863.05,1861.27,1861.73
2023-07-31 00:23:00,1861.82,1861.94,1863.0,1863.05,1861.27,1861.64
2023-07-31 00:23:31,1862.17,1862.24,1863.0,1863.05,1861.65,1861.75
2023-07-31 00:24:02,1861.87,1861.99,1863.0,1863.05,1861.3,1861.4
2023-07-31 00:24:33,1862.53,1862.66,1863.55,1863.6,1861.44,1861.54
2023-07-31 00:25:03,1863.03,1863.14,1863.55,1863.6,1861.82,1861.92
2023-07-31 00:25:34,1863.14,1863.33,1864.15,1864.2,1861.97,1862.07
2023-07-31 00:26:05,1863.41,1863.56,1864.15,1864.2,1862.13,1862.23
2023-07-31 00:26:35,1863.58,1863.71,1864.3,1864.35,1862.76,1862.86
2023-07-31 00:27:06,1863.45,1863.53,1864.5,1864.55,1862.76,1862.86
2023-07-31 00:27:37,1863.12,1863.3,1864.5,1864.55,1862.76,1862.86
2023-07-31 00:28:07,1863.03,1863.16,1863.95,1864.0,1862.26,1862.36
2023-07-31 00:28:38,1862.61,1862.73,1863.95,1864.0,1862.23,1862.34
2023-07-31 00:29:09,1862.6,1862.67,1863.65,1863.7,1862.01,1862.11
2023-07-31 00:29:40,1862.64,1862.79,1863.65,1863.7,1862.01,1862.11
2023-07-31 00:30:10,1862.71,1862.81,1863.65,1863.7,1862.01,1862.11
2023-07-31 00:30:41,1862.85,1862.97,1863.65,1863.7,1862.01,1862.11
2023-07-31 00:31:12,1863.28,1863.39,1863.85,1863.9,1862.21,1862.31
2023-07-31 00:31:42,1863.79,1863.92,1864.5,1864.55,1862.75,1862.85
2023-07-31 00:32:13,1863.9,1864.07,1864.5,1864.55,1862.75,1862.85
2023-07-31 00:32:44,1862.95,1863.07,1863.9,1863.95,1862.38,1862.48
2023-07-31 00:33:14,1862.51,1862.63,1863.55,1863.6,1861.98,1862.08
2023-07-31 00:33:45,1862.09,1862.23,1863.15,1863.2,1861.58,1861.68
2023-07-31 00:34:16,1862.47,1862.58,1863.15,1863.2,1861.58,1861.68
2023-07-31 00:34:47,1862.87,1862.99,1863.55,1863.6,1861.58,1861.68
2023-07-31 00:35:17,1863.41,1863.55,1864.35,1864.4,1862.09,1862.19
2023-07-31 00:35:48,1863.83,1863.94,1864.75,1864.8,1862.65,1862.75
2023-07-31 00:36:19,1863.83,1863.94,1864.75,1864.8,1862.65,1862.75
2023-07-31 00:36:49,1863.74,1863.8,1864.75,1864.8,1862.65,1862.75
2023-07-31 00:37:20,1863.22,1863.39,1864.45,1864.5,1862.57,1862.67
2023-07-31 00:37:51,1863.69,1863.81,1864.45,1864.5,1862.57,1862.67
2023-07-31 00:38:21,1863.42,1863.56,1864.45,1864.5,1862.57,1862.67
2023-07-31 00:38:52,1864.25,1864.33,1864.95,1865.0,1863.09,1863.19
2023-07-31 00:39:23,1864.02,1864.23,1865.4,1865.45,1863.17,1863.27
2023-07-31 00:39:54,1864.23,1864.35,1865.4,1865.45,1863.17,1863.27
2023-07-31 00:40:24,1864.26,1864.36,1865.6,1865.65,1863.59,1863.62
2023-07-31 00:40:55,1864.55,1864.69,1865.5,1865.55,1863.41,1863.51
2023-07-31 00:41:26,1864.47,1864.64,1865.5,1865.55,1863.43,1863.53
2023-07-31 00:41:56,1864.31,1864.43,1865.5,1865.55,1863.43,1863.53
2023-07-31 00:42:27,1864.68,1864.8,1865.5,1865.55,1863.53,1863.63
2023-07-31 00:42:58,1864.76,1864.93,1865.5,1865.55,1863.53,1863.63
2023-07-31 00:43:28,1864.67,1864.79,1865.7,1865.75,1863.81,1863.91
2023-07-31 00:43:59,1864.95,1865.11,1865.9,1865.95,1863.81,1863.91
2023-07-31 00:44:30,1866.84,1867.29,1868.3,1868.35,1866.14,1866.24
2023-07-31 00:45:00,1870.22,1870.5,1871.45,1871.5,1870.43,1870.53
2023-07-31 00:45:31,1871.2,1871.36,1872.55,1872.6,1870.57,1870.68
2023-07-31 00:46:02,1868.2,1868.54,1870.1,1870.15,1868.93,1869.33
2023-07-31 00:46:33,1868.53,1868.54,1869.5,1869.55,1867.77,1868.05
2023-07-31 00:47:03,1868.81,1868.96,1869.95,1870.0,1868.62,1868.72
2023-07-31 00:47:34,1869.89,1870.09,1870.95,1871.0,1869.17,1869.27
2023-07-31 00:48:05,1871.64,1871.79,1872.6,1872.65,1871.12,1871.2
2023-07-31 00:48:35,1873.42,1873.52,1875.05,1875.1,1873.33,1873.43
2023-07-31 00:49:06,1873.85,1874.22,1875.4,1875.45,1872.87,1873.0
2023-07-31 00:49:37,1873.46,1873.64,1875.5,1875.55,1874.49,1874.59
2023-07-31 00:50:07,1876.08,1876.38,1877.75,1877.8,1875.74,1876.28
2023-07-31 00:50:38,1875.2,1875.34,1876.85,1876.9,1875.63,1875.73
2023-07-31 00:51:09,1874.42,1874.79,1876.6,1876.65,1875.37,1875.88
2023-07-31 00:51:40,1873.97,1874.11,1875.5,1875.55,1873.91,1874.01
2023-07-31 00:52:10,1874.43,1874.58,1876.2,1876.25,1874.9,1875.06
2023-07-31 00:52:41,1874.7,1874.85,1876.35,1876.4,1875.37,1875.47
2023-07-31 00:53:12,1873.65,1873.87,1875.3,1875.35,1873.91,1874.01
2023-07-31 00:53:42,1873.26,1873.36,1874.55,1874.6,1873.22,1873.32
2023-07-31 00:54:13,1873.4,1873.48,1874.9,1874.95,1873.23,1873.33
2023-07-31 00:54:44,1873.48,1873.74,1874.85,1874.9,1872.77,1873.02
2023-07-31 00:55:14,1873.27,1873.39,1874.7,1874.75,1872.99,1873.09
2023-07-31 00:55:45,1872.84,1872.99,1874.2,1874.25,1872.09,1872.32
2023-07-31 00:56:16,1872.95,1873.06,1874.6,1874.65,1872.71,1872.81
2023-07-31 00:56:47,1873.2,1873.36,1874.5,1874.55,1872.71,1872.81
2023-07-31 00:57:17,1872.65,1872.8,1874.25,1874.3,1872.52,1872.76
2023-07-31 00:57:48,1872.93,1873.14,1874.25,1874.3,1872.76,1872.86
2023-07-31 00:58:19,1872.96,1873.1,1874.25,1874.3,1872.76,1872.86
2023-07-31 00:58:49,1872.13,1872.29,1873.55,1873.6,1872.98,1873.08
2023-07-31 00:59:20,1872.1,1872.28,1873.4,1873.45,1872.38,1872.48
2023-07-31 00:59:51,1872.49,1872.59,1874.1,1874.15,1872.38,1872.48
2023-07-31 01:00:22,1873.9,1874.1,1875.3,1875.35,1873.54,1873.64
2023-07-31 01:00:52,1874.23,1874.35,1875.75,1875.8,1874.54,1874.64
2023-07-31 01:01:23,1873.4,1873.53,1874.95,1875.0,1874.54,1874.64
2023-07-31 01:01:54,1872.52,1872.63,1874.15,1874.2,1873.51,1873.61
2023-07-31 01:02:24,1871.83,1871.95,1873.35,1873.4,1872.75,1872.85
2023-07-31 01:02:55,1871.86,1871.99,1873.4,1873.45,1872.74,1872.84
2023-07-31 01:03:26,1871.15,1871.32,1873.0,1873.05,1872.13,1872.23
2023-07-31 01:03:56,1870.97,1871.08,1872.7,1872.75,1871.56,1871.66
2023-07-31 01:04:27,1871.25,1871.26,1872.5,1872.55,1871.59,1871.69
2023-07-31 01:04:58,1870.92,1871.05,1872.35,1872.4,1871.59,1871.69
2023-07-31 01:05:28,1871.06,1871.23,1872.35,1872.4,1871.59,1871.69
2023-07-31 01:05:59,1870.21,1870.53,1872.0,1872.05,1871.36,1871.46
2023-07-31 01:06:30,1870.71,1870.86,1871.8,1871.85,1871.36,1871.46
2023-07-31 01:07:01,1870.31,1870.43,1871.9,1871.95,1871.36,1871.46
2023-07-31 01:07:31,1869.95,1870.12,1871.5,1871.55,1871.21,1871.31
2023-07-31 01:08:02,1869.66,1869.79,1871.35,1871.4,1870.56,1870.66
2023-07-31 01:08:33,1869.73,1869.86,1871.5,1871.55,1870.56,1870.66
2023-07-31 01:09:03,1870.04,1870.18,1871.35,1871.4,1870.56,1870.66
2023-07-31 01:09:34,1870.21,1870.34,1871.35,1871.4,1870.56,1870.66
2023-07-31 01:10:05,1869.65,1869.79,1871.05,1871.1,1870.56,1870.66
2023-07-31 01:10:35,1869.59,1869.75,1871.0,1871.05,1870.56,1870.66
2023-07-31 01:11:06,1869.84,1869.95,1870.75,1870.8,1870.56,1870.66
2023-07-31 01:11:37,1870.05,1870.13,1870.85,1870.9,1870.56,1870.66
2023-07-31 01:12:08,1869.61,1869.93,1870.55,1870.6,1870.56,1870.66
2023-07-31 01:12:38,1869.32,1869.43,1870.25,1870.3,1870.37,1870.47
2023-07-31 01:13:09,1868.47,1868.59,1869.3,1869.35,1869.5,1869.6
2023-07-31 01:13:40,1868.31,1868.46,1868.9,1868.95,1869.08,1869.18
2023-07-31 01:14:10,1868.19,1868.29,1868.9,1868.95,1869.08,1869.18
2023-07-31 01:14:41,1868.91,1869.04,1869.9,1869.95,1869.08,1869.18
2023-07-31 01:15:12,1868.84,1868.97,1869.9,1869.95,1869.08,1869.18
2023-07-31 01:15:42,1868.12,1868.22,1869.25,1869.3,1868.95,1869.05
2023-07-31 01:16:13,1868.36,1868.47,1869.25,1869.3,1868.79,1868.89
2023-07-31 01:16:44,1868.27,1868.52,1869.1,1869.15,1868.79,1868.89
2023-07-31 01:17:15,1869.25,1869.36,1870.05,1870.1,1868.79,1868.89
2023-07-31 01:17:45,1869.06,1869.18,1870.05,1870.1,1868.79,1868.89
2023-07-31 01:18:16,1867.94,1868.04,1869.0,1869.05,1868.79,1868.89
2023-07-31 01:18:47,1868.0,1868.08,1869.0,1869.05,1868.79,1868.89
2023-07-31 01:19:17,1867.64,1867.76,1868.8,1868.85,1868.2,1868.3
2023-07-31 01:19:48,1868.61,1868.76,1869.05,1869.1,1868.2,1868.3
2023-07-31 01:20:19,1869.81,1869.99,1870.75,1870.8,1869.29,1869.39
2023-07-31 01:20:49,1869.43,1869.58,1870.55,1870.6,1869.29,1869.39
2023-07-31 01:21:20,1869.47,1869.57,1870.75,1870.8,1869.29,1869.39
2023-07-31 01:21:51,1869.25,1869.41,1870.4,1870.45,1869.09,1869.39
2023-07-31 01:22:22,1869.61,1869.69,1870.4,1870.45,1869.29,1869.39
2023-07-31 01:22:52,1869.54,1869.68,1870.4,1870.45,1869.29,1869.39
2023-07-31 01:23:23,1869.5,1869.65,1870.4,1870.45,1869.29,1869.39
2023-07-31 01:23:54,1870.11,1870.19,1870.75,1870.8,1869.67,1869.77
2023-07-31 01:24:24,1869.89,1869.98,1870.75,1870.8,1869.91,1870.01
2023-07-31 01:24:55,1869.82,1869.99,1870.75,1870.8,1869.94,1870.04
2023-07-31 01:25:26,1870.05,1870.16,1870.75,1870.8,1869.94,1870.04
2023-07-31 01:25:57,1870.1,1870.26,1870.8,1870.85,1870.07,1870.17
2023-07-31 01:26:27,1870.01,1870.12,1870.8,1870.85,1870.07,1870.17
2023-07-31 01:26:58,1869.97,1870.07,1870.8,1870.85,1870.07,1870.17
2023-07-31 01:27:29,1870.16,1870.24,1870.8,1870.85,1870.07,1870.17
2023-07-31 01:27:59,1870.17,1870.31,1870.8,1870.85,1870.07,1870.17
2023-07-31 01:28:30,1870.23,1870.36,1870.8,1870.85,1870.07,1870.17
2023-07-31 01:29:01,1870.2,1870.28,1870.8,1870.85,1870.07,1870.17
2023-07-31 01:29:31,1870.16,1870.31,1870.8,1870.85,1870.07,1870.17
2023-07-31 01:30:02,1870.09,1870.28,1870.8,1870.85,1870.07,1870.17
2023-07-31 01:30:33,1870.1,1870.38,1870.8,1870.85,1870.07,1870.17
2023-07-31 01:31:03,1870.22,1870.33,1870.8,1870.85,1870.07,1870.17
2023-07-31 01:31:34,1870.63,1870.79,1871.4,1871.45,1870.6,1870.7
2023-07-31 01:32:05,1871.6,1871.75,1872.35,1872.4,1871.59,1871.69
2023-07-31 01:32:36,1870.81,1870.95,1872.0,1872.05,1871.59,1871.69
2023-07-31 01:33:06,1870.5,1870.6,1871.85,1871.9,1871.44,1871.54
2023-07-31 01:33:37,1870.45,1870.59,1871.85,1871.9,1871.44,1871.54
2023-07-31 01:34:08,1870.68,1870.75,1871.85,1871.9,1871.44,1871.54
2023-07-31 01:34:38,1870.79,1870.8,1871.85,1871.9,1871.05,1871.17
2023-07-31 01:35:09,1870.51,1870.69,1871.85,1871.9,1871.04,1871.14
2023-07-31 01:35:40,1870.35,1870.48,1871.85,1871.9,1870.88,1871.09
2023-07-31 01:36:11,1871.03,1871.17,1871.85,1871.9,1870.85,1870.95
2023-07-31 01:36:41,1871.02,1871.17,1871.85,1871.9,1870.85,1870.95
2023-07-31 01:37:12,1871.11,1871.25,1871.85,1871.9,1870.87,1870.97
2023-07-31 01:37:43,1870.61,1870.74,1871.85,1871.9,1870.87,1870.97
2023-07-31 01:38:13,1870.85,1870.94,1871.85,1871.9,1870.87,1870.97
2023-07-31 01:38:44,1870.93,1871.06,1871.85,1871.9,1870.87,1870.97
2023-07-31 01:39:15,1871.13,1871.23,1871.85,1871.9,1870.87,1870.97
2023-07-31 01:39:45,1871.21,1871.27,1872.15,1872.2,1870.87,1870.97
2023-07-31 01:40:16,1871.01,1871.11,1872.15,1872.2,1870.87,1870.97
2023-07-31 01:40:47,1871.01,1871.11,1872.15,1872.2,1870.87,1870.97
2023-07-31 01:41:17,1870.53,1870.66,1872.05,1872.1,1870.87,1870.97
2023-07-31 01:41:48,1870.29,1870.43,1871.75,1871.8,1870.87,1870.97
2023-07-31 01:42:19,1870.64,1870.75,1871.75,1871.8,1870.87,1870.97
2023-07-31 01:42:50,1870.56,1870.67,1871.75,1871.8,1870.87,1870.97
2023-07-31 01:43:20,1870.22,1870.28,1871.75,1871.8,1870.87,1870.97
2023-07-31 01:43:51,1869.93,1869.99,1871.1,1871.15,1870.62,1870.72
2023-07-31 01:44:22,1869.69,1869.83,1871.0,1871.05,1870.48,1870.58
2023-07-31 01:44:52,1870.22,1870.42,1871.3,1871.35,1870.62,1870.72
2023-07-31 01:45:23,1870.24,1870.36,1871.3,1871.35,1870.62,1870.72
2023-07-31 01:45:54,1870.28,1870.39,1871.3,1871.35,1870.62,1870.72
2023-07-31 01:46:24,1870.0,1870.15,1871.3,1871.35,1870.62,1870.72
2023-07-31 01:46:55,1869.49,1869.64,1871.0,1871.05,1870.39,1870.49
2023-07-31 01:47:26,1869.5,1869.6,1870.9,1870.95,1870.15,1870.25
2023-07-31 01:47:57,1869.66,1869.77,1870.9,1870.95,1870.15,1870.25
2023-07-31 01:48:27,1869.85,1870.02,1870.9,1870.95,1870.15,1870.25
2023-07-31 01:48:58,1870.14,1870.27,1870.9,1870.95,1870.15,1870.25
2023-07-31 01:49:29,1870.04,1870.15,1870.9,1870.95,1870.15,1870.25
2023-07-31 01:49:59,1869.65,1869.71,1870.9,1870.95,1870.15,1870.25
2023-07-31 01:50:30,1870.46,1870.58,1871.25,1871.3,1870.81,1870.91
2023-07-31 01:51:01,1870.62,1870.73,1871.85,1871.9,1870.82,1870.92
2023-07-31 01:51:31,1870.8,1870.92,1871.85,1871.9,1870.87,1870.97
2023-07-31 01:52:02,1870.53,1870.6,1871.85,1871.9,1870.87,1870.97
2023-07-31 01:52:33,1870.05,1870.16,1871.6,1871.65,1870.87,1870.97
2023-07-31 01:53:04,1869.93,1870.12,1871.6,1871.65,1870.87,1870.97
2023-07-31 01:53:34,1870.19,1870.28,1871.6,1871.65,1870.87,1870.97
2023-07-31 01:54:05,1870.18,1870.32,1871.6,1871.65,1870.87,1870.97
2023-07-31 01:54:36,1870.84,1870.95,1871.8,1871.85,1870.87,1870.97
2023-07-31 01:55:06,1870.7,1870.82,1871.8,1871.85,1870.87,1870.97
2023-07-31 01:55:37,1871.12,1871.23,1871.95,1872.0,1870.87,1870.97
2023-07-31 01:56:08,1871.01,1871.1,1871.95,1872.0,1871.43,1871.53
2023-07-31 01:56:38,1871.14,1871.27,1871.95,1872.0,1871.43,1871.53
2023-07-31 01:57:09,1871.45,1871.59,1872.2,1872.25,1871.43,1871.53
2023-07-31 01:57:40,1871.63,1871.78,1872.6,1872.65,1871.61,1871.71
2023-07-31 01:58:10,1871.61,1871.74,1872.6,1872.65,1871.61,1871.71
2023-07-31 01:58:41,1871.81,1871.97,1872.6,1872.65,1871.61,1871.71
2023-07-31 01:59:12,1871.97,1872.1,1872.6,1872.65,1871.9,1872.0
2023-07-31 01:59:42,1871.84,1871.96,1872.6,1872.65,1871.9,1872.0
2023-07-31 02:00:13,1872.64,1872.73,1874.1,1874.15,1873.11,1873.21
2023-07-31 02:00:44,1873.08,1873.22,1874.1,1874.15,1873.3,1873.4
2023-07-31 02:01:15,1873.14,1873.29,1874.1,1874.15,1873.3,1873.4
2023-07-31 02:01:45,1873.21,1873.31,1874.25,1874.3,1873.3,1873.4
2023-07-31 02:02:16,1873.12,1873.16,1874.25,1874.3,1873.3,1873.4
2023-07-31 02:02:47,1873.19,1873.35,1874.0,1874.05,1873.3,1873.4
2023-07-31 02:03:17,1873.14,1873.31,1874.0,1874.05,1873.3,1873.4
2023-07-31 02:03:48,1873.05,1873.21,1874.0,1874.05,1873.3,1873.4
2023-07-31 02:04:19,1872.81,1872.92,1874.05,1874.1,1873.3,1873.4
2023-07-31 02:04:49,1872.77,1872.92,1874.05,1874.1,1873.3,1873.4
2023-07-31 02:05:20,1872.26,1872.33,1873.4,1873.45,1873.03,1873.28
2023-07-31 02:05:51,1871.85,1871.93,1873.15,1873.2,1872.87,1872.97
2023-07-31 02:06:22,1871.33,1871.49,1873.0,1873.05,1872.48,1872.58
2023-07-31 02:06:52,1871.08,1871.36,1872.3,1872.35,1872.1,1872.2
2023-07-31 02:07:23,1870.84,1870.97,1872.3,1872.35,1871.9,1872.0
2023-07-31 02:07:54,1870.83,1870.94,1872.3,1872.35,1871.9,1872.0
2023-07-31 02:08:24,1871.36,1871.45,1872.15,1872.2,1872.08,1872.18
2023-07-31 02:08:55,1870.9,1871.02,1872.15,1872.2,1871.98,1872.08
2023-07-31 02:09:26,1871.38,1871.52,1872.55,1872.6,1872.08,1872.18
2023-07-31 02:09:56,1870.81,1870.97,1872.05,1872.1,1871.9,1872.0
2023-07-31 02:10:27,1871.0,1871.04,1872.05,1872.1,1871.9,1872.0
2023-07-31 02:10:58,1870.25,1870.33,1871.9,1871.95,1871.13,1871.36
2023-07-31 02:11:28,1870.21,1870.36,1871.6,1871.65,1871.05,1871.15
2023-07-31 02:11:59,1870.4,1870.43,1871.6,1871.65,1871.05,1871.15
2023-07-31 02:12:30,1870.45,1870.56,1871.5,1871.55,1871.08,1871.18
2023-07-31 02:13:00,1870.84,1870.96,1871.5,1871.55,1871.11,1871.21
2023-07-31 02:13:31,1870.8,1870.87,1871.5,1871.55,1871.11,1871.21
2023-07-31 02:14:02,1870.52,1870.64,1871.5,1871.55,1871.11,1871.21
2023-07-31 02:14:33,1870.46,1870.57,1871.5,1871.55,1871.11,1871.21
2023-07-31 02:15:03,1870.65,1870.74,1871.5,1871.55,1871.11,1871.21
2023-07-31 02:15:34,1871.29,1871.4,1871.65,1871.7,1871.11,1871.21
2023-07-31 02:16:05,1871.22,1871.32,1871.65,1871.7,1871.11,1871.21
2023-07-31 02:16:35,1871.21,1871.29,1871.65,1871.7,1871.11,1871.21
2023-07-31 02:17:06,1871.56,1871.7,1872.35,1872.4,1871.56,1871.66
2023-07-31 02:17:37,1871.45,1871.56,1872.35,1872.4,1871.56,1871.66
2023-07-31 02:18:08,1871.67,1871.77,1872.35,1872.4,1871.56,1871.66
2023-07-31 02:18:38,1871.5,1871.61,1872.35,1872.4,1871.63,1871.66
2023-07-31 02:19:09,1871.54,1871.69,1872.35,1872.4,1871.56,1871.66
2023-07-31 02:19:40,1871.61,1871.71,1872.35,1872.4,1871.56,1871.66
2023-07-31 02:20:10,1871.7,1871.81,1872.35,1872.4,1871.78,1871.88
2023-07-31 02:20:41,1872.08,1872.18,1872.85,1872.9,1871.86,1871.96
2023-07-31 02:21:12,1872.14,1872.29,1872.85,1872.9,1872.08,1872.18
2023-07-31 02:21:42,1872.08,1872.29,1872.85,1872.9,1872.27,1872.37
2023-07-31 02:22:13,1872.19,1872.3,1872.85,1872.9,1872.27,1872.37
2023-07-31 02:22:44,1872.24,1872.33,1872.85,1872.9,1872.27,1872.37
2023-07-31 02:23:14,1872.11,1872.27,1872.85,1872.9,1872.27,1872.37
2023-07-31 02:23:45,1871.92,1872.06,1872.85,1872.9,1872.27,1872.37
2023-07-31 02:24:16,1872.18,1872.3,1872.85,1872.9,1872.27,1872.37
2023-07-31 02:24:47,1872.4,1872.51,1873.2,1873.25,1872.54,1872.64
2023-07-31 02:25:17,1872.27,1872.45,1873.2,1873.25,1872.54,1872.64
2023-07-31 02:25:48,1872.23,1872.33,1873.2,1873.25,1872.54,1872.64
2023-07-31 02:26:19,1872.48,1872.57,1873.2,1873.25,1872.54,1872.64
2023-07-31 02:26:49,1873.23,1873.32,1873.85,1873.9,1873.3,1873.4
2023-07-31 02:27:20,1873.02,1873.16,1874.3,1874.35,1873.48,1873.58
2023-07-31 02:27:51,1872.96,1873.11,1874.3,1874.35,1873.48,1873.58
2023-07-31 02:28:21,1873.03,1873.15,1874.3,1874.35,1873.48,1873.58
2023-07-31 02:28:52,1872.82,1872.99,1874.3,1874.35,1873.48,1873.58
2023-07-31 02:29:23,1872.67,1872.84,1874.3,1874.35,1873.48,1873.58
2023-07-31 02:29:54,1872.77,1872.82,1874.3,1874.35,1873.48,1873.58
2023-07-31 02:30:24,1873.03,1873.17,1874.3,1874.35,1873.48,1873.58
2023-07-31 02:30:55,1872.75,1872.97,1874.3,1874.35,1873.48,1873.58
2023-07-31 02:31:26,1873.21,1873.39,1874.3,1874.35,1873.48,1873.58
2023-07-31 02:31:56,1873.34,1873.42,1874.5,1874.55,1873.48,1873.58
2023-07-31 02:32:27,1873.71,1873.8,1874.5,1874.55,1873.65,1873.75
2023-07-31 02:32:58,1874.08,1874.34,1875.25,1875.3,1874.27,1874.37
2023-07-31 02:33:28,1874.01,1874.12,1875.25,1875.3,1874.46,1874.56
2023-07-31 02:33:59,1874.41,1874.55,1875.3,1875.35,1874.79,1874.89
2023-07-31 02:34:30,1874.47,1874.64,1875.3,1875.35,1874.79,1874.89
2023-07-31 02:35:01,1874.24,1874.47,1875.85,1875.9,1875.17,1875.27
2023-07-31 02:35:31,1873.8,1873.92,1875.25,1875.3,1874.97,1875.07
2023-07-31 02:36:02,1873.81,1873.96,1875.25,1875.3,1875.11,1875.21
2023-07-31 02:36:33,1872.85,1872.99,1874.4,1874.45,1873.77,1874.0
2023-07-31 02:37:03,1873.17,1873.34,1874.4,1874.45,1873.77,1873.87
2023-07-31 02:37:34,1872.33,1872.49,1874.05,1874.1,1873.31,1873.41
2023-07-31 02:38:05,1871.9,1872.0,1873.7,1873.75,1872.85,1872.95
2023-07-31 02:38:36,1871.85,1871.95,1873.35,1873.4,1872.71,1872.81
2023-07-31 02:39:06,1871.26,1871.44,1873.0,1873.05,1872.71,1872.81
2023-07-31 02:39:37,1871.12,1871.32,1872.65,1872.7,1872.08,1872.18
2023-07-31 02:40:08,1871.61,1871.73,1872.65,1872.7,1872.08,1872.18
2023-07-31 02:40:38,1871.29,1871.52,1872.65,1872.7,1872.29,1872.39
2023-07-31 02:41:09,1871.69,1871.88,1872.65,1872.7,1872.54,1872.64
2023-07-31 02:41:40,1872.06,1872.18,1872.85,1872.9,1872.54,1872.64
2023-07-31 02:42:10,1872.02,1872.09,1872.85,1872.9,1872.54,1872.64
2023-07-31 02:42:41,1871.94,1872.03,1872.85,1872.9,1872.54,1872.64
2023-07-31 02:43:12,1872.03,1872.09,1872.85,1872.9,1872.54,1872.64
2023-07-31 02:43:43,1871.88,1872.05,1872.85,1872.9,1872.54,1872.64
2023-07-31 02:44:13,1871.8,1871.93,1872.85,1872.9,1872.54,1872.64
2023-07-31 02:44:44,1871.59,1871.71,1872.85,1872.9,1872.54,1872.64
2023-07-31 02:45:15,1872.22,1872.34,1872.85,1872.9,1872.54,1872.64
2023-07-31 02:45:45,1872.33,1872.49,1873.25,1873.3,1872.54,1872.64
2023-07-31 02:46:16,1872.02,1872.15,1873.25,1873.3,1872.54,1872.64
2023-07-31 02:46:47,1872.07,1872.19,1873.25,1873.3,1872.54,1872.64
2023-07-31 02:47:17,1871.72,1871.9,1873.25,1873.3,1872.54,1872.64
2023-07-31 02:47:48,1871.83,1871.96,1873.25,1873.3,1872.54,1872.64
2023-07-31 02:48:19,1871.38,1871.5,1872.9,1872.95,1872.35,1872.45
2023-07-31 02:48:50,1870.81,1870.97,1872.5,1872.55,1871.97,1872.07
2023-07-31 02:49:20,1870.69,1870.9,1872.15,1872.2,1871.62,1871.72
2023-07-31 02:49:51,1870.64,1870.82,1872.15,1872.2,1871.51,1871.61
2023-07-31 02:50:22,1870.46,1870.58,1872.15,1872.2,1871.51,1871.61
2023-07-31 02:50:52,1870.62,1870.8,1872.0,1872.05,1871.51,1871.61
2023-07-31 02:51:23,1870.75,1870.9,1872.0,1872.05,1871.51,1871.61
2023-07-31 02:51:54,1870.8,1870.92,1872.0,1872.05,1871.51,1871.61
2023-07-31 02:52:25,1870.65,1870.75,1872.0,1872.05,1871.51,1871.61
2023-07-31 02:52:55,1870.62,1870.77,1872.0,1872.05,1871.56,1871.66
2023-07-31 02:53:26,1870.16,1870.34,1871.7,1871.75,1871.0,1871.1
2023-07-31 02:53:57,1870.21,1870.38,1871.7,1871.75,1871.0,1871.1
2023-07-31 02:54:27,1870.19,1870.31,1871.45,1871.5,1870.81,1870.91
2023-07-31 02:54:58,1870.05,1870.26,1871.45,1871.5,1870.81,1870.91
2023-07-31 02:55:29,1870.07,1870.17,1871.45,1871.5,1870.81,1870.91
2023-07-31 02:55:59,1869.95,1870.08,1871.45,1871.5,1870.81,1870.91
2023-07-31 02:56:30,1870.12,1870.25,1871.45,1871.5,1870.81,1870.91
2023-07-31 02:57:01,1870.16,1870.26,1871.35,1871.4,1870.99,1871.0
2023-07-31 02:57:31,1870.1,1870.23,1871.35,1871.4,1870.99,1871.09
2023-07-31 02:58:02,1870.52,1870.68,1871.35,1871.4,1871.11,1871.21
2023-07-31 02:58:33,1870.68,1870.87,1871.35,1871.4,1871.11,1871.21
2023-07-31 02:59:04,1870.23,1870.33,1871.2,1871.25,1871.01,1871.11
2023-07-31 02:59:34,1870.14,1870.26,1871.15,1871.2,1871.01,1871.11
2023-07-31 03:00:05,1870.18,1870.29,1871.1,1871.15,1870.87,1870.97
2023-07-31 03:00:36,1870.73,1870.89,1871.45,1871.5,1871.11,1871.21
2023-07-31 03:01:06,1870.68,1870.81,1871.45,1871.5,1871.11,1871.21
2023-07-31 03:01:37,1870.2,1870.24,1871.1,1871.15,1870.91,1871.01
2023-07-31 03:02:08,1869.78,1869.99,1871.0,1871.05,1870.81,1870.91
2023-07-31 03:02:38,1869.76,1869.94,1871.0,1871.05,1870.81,1870.91
2023-07-31 03:03:09,1869.93,1870.08,1870.85,1870.9,1870.56,1870.66
2023-07-31 03:03:40,1869.62,1869.73,1870.65,1870.7,1870.4,1870.5
2023-07-31 03:04:11,1869.63,1869.75,1870.65,1870.7,1870.4,1870.5
2023-07-31 03:04:41,1869.59,1869.72,1870.65,1870.7,1870.4,1870.5
2023-07-31 03:05:12,1870.17,1870.29,1870.65,1870.7,1870.51,1870.61
2023-07-31 03:05:43,1869.8,1869.93,1870.65,1870.7,1870.51,1870.61
2023-07-31 03:06:13,1869.56,1869.68,1870.65,1870.7,1870.51,1870.61
2023-07-31 03:06:44,1869.2,1869.32,1870.4,1870.45,1870.23,1870.33
2023-07-31 03:07:15,1869.21,1869.37,1870.3,1870.35,1870.07,1870.17
2023-07-31 03:07:46,1869.8,1869.93,1870.65,1870.7,1870.33,1870.43
2023-07-31 03:08:16,1869.69,1869.82,1870.65,1870.7,1870.33,1870.43
2023-07-31 03:08:47,1869.18,1869.29,1870.6,1870.65,1870.22,1870.32
2023-07-31 03:09:18,1869.27,1869.43,1870.35,1870.4,1869.9,1870.0
2023-07-31 03:09:48,1869.23,1869.35,1870.3,1870.35,1869.9,1870.0
2023-07-31 03:10:19,1869.88,1870.14,1870.3,1870.35,1870.33,1870.43
2023-07-31 03:10:50,1870.01,1870.19,1870.65,1870.7,1870.33,1870.43
2023-07-31 03:11:20,1869.41,1869.59,1870.5,1870.55,1870.11,1870.21
2023-07-31 03:11:51,1869.55,1869.66,1870.45,1870.5,1869.95,1870.05
2023-07-31 03:12:22,1869.41,1869.55,1870.45,1870.5,1869.95,1870.05
2023-07-31 03:12:53,1869.41,1869.53,1870.45,1870.5,1869.95,1870.05
2023-07-31 03:13:23,1869.23,1869.38,1870.35,1870.4,1869.95,1870.05
2023-07-31 03:13:54,1869.24,1869.39,1870.3,1870.35,1869.84,1869.94
2023-07-31 03:14:25,1869.46,1869.59,1870.25,1870.3,1870.14,1870.24
2023-07-31 03:14:55,1869.22,1869.39,1870.25,1870.3,1869.92,1870.02
2023-07-31 03:15:26,1869.27,1869.43,1870.2,1870.25,1869.9,1870.0
2023-07-31 03:15:57,1869.5,1869.63,1870.2,1870.25,1869.9,1870.0
2023-07-31 03:16:27,1869.25,1869.44,1870.2,1870.25,1869.9,1870.0
2023-07-31 03:16:58,1869.01,1869.14,1870.2,1870.25,1869.9,1870.0
2023-07-31 03:17:29,1869.02,1869.15,1870.0,1870.05,1869.56,1869.66
2023-07-31 03:17:59,1869.21,1869.33,1870.0,1870.05,1869.56,1869.66
2023-07-31 03:18:30,1869.15,1869.32,1870.0,1870.05,1869.55,1869.65
2023-07-31 03:19:01,1869.37,1869.54,1870.0,1870.05,1869.55,1869.65
2023-07-31 03:19:32,1869.01,1869.18,1870.0,1870.05,1869.55,1869.65
2023-07-31 03:20:02,1869.2,1869.34,1869.95,1870.0,1869.55,1869.65
2023-07-31 03:20:33,1869.53,1869.69,1869.95,1870.0,1869.7,1869.8
2023-07-31 03:21:04,1869.34,1869.44,1869.95,1870.0,1869.7,1869.8
2023-07-31 03:21:34,1869.41,1869.53,1869.95,1870.0,1869.7,1869.8
2023-07-31 03:22:05,1869.37,1869.46,1869.95,1870.0,1869.7,1869.8
2023-07-31 03:22:36,1869.3,1869.47,1869.95,1870.0,1869.7,1869.8
2023-07-31 03:23:07,1869.39,1869.46,1869.95,1870.0,1869.7,1869.8
2023-07-31 03:23:37,1869.29,1869.47,1869.95,1870.0,1869.7,1869.8
2023-07-31 03:24:08,1869.75,1869.89,1870.3,1870.35,1869.7,1869.8
2023-07-31 03:24:39,1869.83,1869.98,1870.7,1870.75,1869.7,1869.8
2023-07-31 03:25:09,1869.64,1869.72,1870.7,1870.75,1869.7,1869.8
2023-07-31 03:25:56,1869.69,1869.84,1870.7,1870.75,1869.7,1869.8
2023-07-31 03:26:27,1869.83,1869.96,1870.7,1870.75,1869.7,1869.8
2023-07-31 03:26:58,1870.21,1870.32,1870.7,1870.75,1869.7,1869.8
2023-07-31 03:27:29,1870.23,1870.44,1870.7,1870.75,1869.7,1869.8
2023-07-31 03:28:01,1870.03,1870.15,1870.7,1870.75,1869.7,1869.8
2023-07-31 03:28:32,1869.91,1870.06,1870.7,1870.75,1869.7,1869.8
2023-07-31 03:29:02,1869.62,1869.79,1870.7,1870.75,1869.7,1869.8
2023-07-31 03:29:33,1869.92,1870.07,1870.7,1870.75,1869.7,1869.8
2023-07-31 03:30:04,1869.7,1869.95,1870.7,1870.75,1869.7,1869.8
2023-07-31 03:30:34,1869.65,1869.89,1870.7,1870.75,1869.7,1869.8
2023-07-31 03:31:05,1869.71,1869.89,1870.7,1870.75,1869.7,1869.8
2023-07-31 03:31:36,1869.94,1870.04,1870.7,1870.75,1869.7,1869.8
2023-07-31 03:32:07,1869.9,1870.03,1870.7,1870.75,1869.7,1869.8
2023-07-31 03:32:37,1869.91,1870.05,1870.7,1870.75,1869.7,1869.8
2023-07-31 03:33:08,1869.99,1870.11,1870.7,1870.75,1869.7,1869.8
2023-07-31 03:33:39,1870.05,1870.13,1870.7,1870.75,1869.7,1869.8
2023-07-31 03:34:09,1870.02,1870.19,1870.7,1870.75,1869.7,1869.8
2023-07-31 03:34:40,1869.87,1869.99,1870.7,1870.75,1869.7,1869.8
2023-07-31 03:35:11,1869.94,1869.99,1870.7,1870.75,1869.7,1869.8
2023-07-31 03:35:41,1870.06,1870.16,1870.7,1870.75,1869.7,1869.8
2023-07-31 03:36:12,1870.01,1870.16,1870.7,1870.75,1869.7,1869.8
2023-07-31 03:36:43,1869.78,1869.9,1870.7,1870.75,1869.7,1869.8
2023-07-31 03:37:14,1869.65,1869.86,1870.7,1870.75,1869.7,1869.8
2023-07-31 03:37:44,1869.41,1869.6,1870.7,1870.75,1869.7,1869.8
2023-07-31 03:38:15,1869.58,1869.7,1870.7,1870.75,1869.7,1869.8
2023-07-31 03:38:46,1869.32,1869.54,1870.7,1870.75,1869.7,1869.8
2023-07-31 03:39:16,1869.42,1869.57,1870.55,1870.6,1869.7,1869.8
2023-07-31 03:39:47,1869.39,1869.48,1870.5,1870.55,1869.7,1869.8
2023-07-31 03:40:18,1869.61,1869.74,1870.5,1870.55,1869.7,1869.8
2023-07-31 03:40:48,1869.86,1870.08,1870.5,1870.55,1869.7,1869.8
2023-07-31 03:41:19,1869.42,1869.57,1870.5,1870.55,1869.7,1869.8
2023-07-31 03:41:50,1869.63,1869.76,1870.45,1870.5,1869.7,1869.8
2023-07-31 03:42:21,1869.63,1869.84,1870.45,1870.5,1869.7,1869.8
2023-07-31 03:42:51,1870.14,1870.36,1870.8,1870.85,1869.7,1869.8
2023-07-31 03:43:22,1870.07,1870.18,1870.8,1870.85,1869.7,1869.8
2023-07-31 03:43:53,1870.08,1870.23,1870.55,1870.6,1869.7,1869.8
2023-07-31 03:44:23,1870.01,1870.22,1870.85,1870.9,1869.7,1869.8
2023-07-31 03:44:54,1870.21,1870.33,1870.85,1870.9,1869.7,1869.8
2023-07-31 03:45:25,1869.91,1870.02,1870.85,1870.9,1869.7,1869.8
2023-07-31 03:45:55,1869.56,1869.67,1870.75,1870.8,1869.7,1869.8
2023-07-31 03:46:26,1869.19,1869.3,1870.25,1870.3,1869.7,1869.8
2023-07-31 03:46:57,1869.16,1869.35,1870.1,1870.15,1869.7,1869.8
2023-07-31 03:47:28,1869.09,1869.23,1870.1,1870.15,1869.7,1869.8
2023-07-31 03:47:58,1869.04,1869.24,1870.1,1870.15,1869.7,1869.8
2023-07-31 03:48:29,1869.17,1869.31,1869.65,1869.7,1869.4,1869.5
2023-07-31 03:49:00,1869.43,1869.54,1870.1,1870.15,1869.4,1869.5
2023-07-31 03:49:30,1869.69,1869.87,1870.1,1870.15,1869.4,1869.5
2023-07-31 03:50:01,1868.84,1868.97,1869.5,1869.55,1869.1,1869.2
2023-07-31 03:50:32,1868.52,1868.77,1869.25,1869.3,1868.53,1868.63
2023-07-31 03:51:02,1869.11,1869.24,1869.55,1869.6,1868.52,1868.62
2023-07-31 03:51:33,1869.01,1869.15,1869.65,1869.7,1868.72,1868.82
2023-07-31 03:52:04,1869.4,1869.5,1870.1,1870.15,1868.72,1868.82
2023-07-31 03:52:35,1869.07,1869.2,1870.35,1870.4,1868.72,1868.82
2023-07-31 03:53:05,1868.77,1868.87,1869.8,1869.85,1868.72,1868.82
2023-07-31 03:53:36,1868.62,1868.75,1869.6,1869.65,1868.52,1868.62
2023-07-31 03:54:07,1868.75,1868.86,1869.6,1869.65,1868.52,1868.62
2023-07-31 03:54:38,1868.7,1868.86,1869.6,1869.65,1868.52,1868.62
2023-07-31 03:55:08,1868.77,1868.95,1869.6,1869.65,1868.52,1868.62
2023-07-31 03:55:39,1869.08,1869.31,1869.6,1869.65,1868.52,1868.62
2023-07-31 03:56:10,1868.56,1868.72,1869.6,1869.65,1868.52,1868.62
2023-07-31 03:56:40,1868.36,1868.46,1869.5,1869.55,1868.52,1868.62
2023-07-31 03:57:11,1868.08,1868.25,1869.2,1869.25,1867.89,1867.99
2023-07-31 03:57:42,1868.05,1868.16,1869.2,1869.25,1867.89,1867.99
2023-07-31 03:58:13,1868.06,1868.2,1869.2,1869.25,1867.89,1867.99
2023-07-31 03:58:43,1868.38,1868.42,1869.2,1869.25,1868.01,1868.11
2023-07-31 03:59:14,1868.22,1868.32,1869.2,1869.25,1868.01,1868.11
2023-07-31 03:59:45,1868.74,1868.93,1869.2,1869.25,1868.04,1868.14
2023-07-31 04:00:15,1869.18,1869.34,1869.9,1869.95,1869.1,1869.2
2023-07-31 04:00:46,1869.0,1869.1,1869.9,1869.95,1869.0,1869.1
2023-07-31 04:01:17,1869.29,1869.45,1869.9,1869.95,1869.0,1869.1
2023-07-31 04:01:48,1869.53,1869.68,1870.25,1870.3,1869.28,1869.38
2023-07-31 04:02:18,1869.23,1869.38,1870.15,1870.2,1869.52,1869.62
2023-07-31 04:02:49,1869.56,1869.73,1870.05,1870.1,1869.53,1869.63
2023-07-31 04:03:20,1869.68,1869.8,1870.25,1870.3,1869.67,1869.77
2023-07-31 04:03:50,1869.74,1869.89,1870.25,1870.3,1869.7,1869.8
2023-07-31 04:04:21,1869.51,1869.74,1870.25,1870.3,1869.7,1869.8
2023-07-31 04:04:52,1869.64,1869.77,1870.25,1870.3,1869.7,1869.8
2023-07-31 04:05:22,1869.19,1869.28,1869.45,1869.5,1869.17,1869.27
2023-07-31 04:05:53,1869.48,1869.55,1870.15,1870.2,1869.17,1869.27
2023-07-31 04:06:24,1869.61,1869.77,1870.15,1870.2,1869.45,1869.55
2023-07-31 04:06:55,1869.81,1870.0,1870.25,1870.3,1869.54,1869.64
2023-07-31 04:07:25,1869.0,1869.04,1869.85,1869.9,1869.19,1869.45
2023-07-31 04:07:56,1868.73,1868.92,1869.85,1869.9,1868.81,1868.91
2023-07-31 04:08:27,1868.62,1868.72,1869.85,1869.9,1868.98,1869.08
2023-07-31 04:08:57,1868.1,1868.25,1869.55,1869.6,1868.57,1868.71
2023-07-31 04:09:28,1868.32,1868.41,1868.8,1868.85,1868.1,1868.36
2023-07-31 04:09:59,1867.93,1868.17,1868.8,1868.85,1867.96,1868.13
2023-07-31 04:10:30,1868.23,1868.45,1868.8,1868.85,1868.14,1868.24
2023-07-31 04:11:00,1867.94,1868.14,1868.8,1868.85,1868.14,1868.26
2023-07-31 04:11:31,1868.04,1868.18,1868.8,1868.85,1868.16,1868.26
2023-07-31 04:12:02,1868.13,1868.26,1868.8,1868.85,1868.16,1868.26
2023-07-31 04:12:32,1868.75,1868.86,1869.3,1869.35,1868.94,1869.04
2023-07-31 04:13:03,1868.62,1868.77,1869.75,1869.8,1868.91,1869.01
2023-07-31 04:13:34,1868.6,1868.71,1869.4,1869.45,1868.69,1868.79
