timestamp,Bybit_ETHUSDC_bid,Bybit_ETHUSDC_ask,Deribit_ETHPERPETUAL_bid,Deribit_ETHPERPETUAL_ask,Bitget_ETHPERPCMCBL_bid,Bitget_ETHPERPCMCBL_ask
2023-07-30 15:25:46,1882.01,1882.2,1883.05,1883.1,1881.41,1881.64
2023-07-30 15:25:57,1882.03,1882.3,1883.05,1883.1,1881.76,1881.82
2023-07-30 15:26:08,1882.21,1882.35,1883.0,1883.05,1881.76,1881.82
2023-07-30 15:26:18,1882.21,1882.33,1883.0,1883.05,1881.76,1881.82
2023-07-30 15:26:29,1882.13,1882.28,1883.0,1883.05,1881.8,1881.86
2023-07-30 15:26:40,1881.68,1881.74,1883.0,1883.05,1881.76,1881.82
2023-07-30 15:26:50,1881.61,1881.75,1882.9,1882.95,1881.76,1881.82
2023-07-30 15:27:01,1881.7,1881.82,1882.9,1882.95,1881.76,1881.82
2023-07-30 15:27:12,1881.72,1881.87,1882.9,1882.95,1881.76,1881.82
2023-07-30 15:27:23,1881.77,1881.87,1882.9,1882.95,1881.76,1881.82
2023-07-30 15:27:33,1881.92,1882.02,1882.85,1882.9,1881.76,1881.82
2023-07-30 15:27:44,1881.73,1881.86,1882.85,1882.9,1881.79,1881.85
2023-07-30 15:27:55,1881.82,1881.96,1882.85,1882.9,1881.79,1881.85
2023-07-30 15:28:05,1881.89,1881.97,1882.85,1882.9,1881.79,1881.85
2023-07-30 15:28:16,1881.92,1882.07,1882.75,1882.8,1881.79,1881.85
2023-07-30 15:28:27,1881.88,1882.03,1882.7,1882.75,1881.79,1881.85
2023-07-30 15:28:38,1881.93,1882.08,1882.65,1882.7,1881.79,1881.85
2023-07-30 15:28:48,1881.81,1881.95,1882.65,1882.7,1881.79,1881.85
2023-07-30 15:28:59,1881.81,1881.94,1882.65,1882.7,1881.79,1881.85
2023-07-30 15:29:10,1881.76,1881.91,1882.65,1882.7,1881.79,1881.85
2023-07-30 15:29:20,1881.77,1881.9,1882.65,1882.7,1881.79,1881.85
2023-07-30 15:29:31,1881.21,1881.28,1882.65,1882.7,1881.79,1881.85
2023-07-30 15:29:42,1880.92,1881.14,1882.25,1882.3,1880.87,1880.93
2023-07-30 15:29:53,1881.07,1881.19,1882.25,1882.3,1880.87,1880.93
2023-07-30 15:30:03,1881.63,1881.8,1882.65,1882.7,1880.87,1881.12
2023-07-30 15:30:14,1881.82,1881.9,1882.7,1882.75,1881.27,1881.85
2023-07-30 15:30:25,1881.81,1881.95,1882.7,1882.75,1881.79,1881.85
2023-07-30 15:30:35,1881.69,1881.82,1882.7,1882.75,1881.79,1881.85
2023-07-30 15:30:46,1881.81,1881.94,1882.7,1882.75,1881.79,1881.85
2023-07-30 15:30:57,1881.84,1881.97,1882.7,1882.75,1881.79,1881.85
2023-07-30 15:31:08,1882.06,1882.18,1882.7,1882.75,1881.79,1881.85
2023-07-30 15:31:18,1881.64,1881.77,1882.7,1882.75,1881.79,1881.85
2023-07-30 15:31:29,1882.02,1882.13,1882.7,1882.75,1881.79,1881.85
2023-07-30 15:31:40,1881.97,1882.14,1882.7,1882.75,1881.79,1881.85
2023-07-30 15:31:50,1881.63,1881.69,1882.7,1882.75,1881.79,1881.85
2023-07-30 15:32:01,1881.73,1881.88,1882.7,1882.75,1881.79,1881.85
2023-07-30 15:32:12,1881.72,1881.81,1882.7,1882.75,1881.79,1881.85
2023-07-30 15:32:22,1881.81,1881.99,1882.7,1882.75,1881.79,1881.85
2023-07-30 15:32:33,1881.81,1881.98,1882.7,1882.75,1881.79,1881.85
2023-07-30 15:32:44,1881.73,1881.93,1882.7,1882.75,1881.79,1881.85
2023-07-30 15:32:54,1881.51,1881.65,1882.7,1882.75,1881.79,1881.85
2023-07-30 15:33:05,1881.21,1881.34,1882.7,1882.75,1881.79,1881.85
2023-07-30 15:33:16,1880.83,1881.01,1882.3,1882.35,1880.96,1881.27
2023-07-30 15:33:27,1880.69,1880.84,1882.3,1882.35,1880.96,1881.02
2023-07-30 15:33:37,1880.88,1881.01,1882.2,1882.25,1880.96,1881.02
2023-07-30 15:33:48,1880.48,1880.62,1882.0,1882.05,1880.96,1881.02
2023-07-30 15:33:59,1880.71,1880.88,1882.0,1882.05,1880.96,1881.02
2023-07-30 15:34:09,1880.75,1880.89,1882.0,1882.05,1880.61,1880.67
2023-07-30 15:34:20,1880.93,1881.1,1882.2,1882.25,1880.61,1880.67
2023-07-30 15:34:31,1880.52,1880.76,1882.2,1882.25,1880.61,1880.67
2023-07-30 15:34:42,1880.9,1881.03,1882.2,1882.25,1880.39,1880.65
2023-07-30 15:34:52,1880.57,1880.75,1882.2,1882.25,1880.45,1880.67
2023-07-30 15:35:03,1880.59,1880.74,1882.2,1882.25,1880.45,1880.67
2023-07-30 15:35:14,1880.47,1880.59,1882.2,1882.25,1880.45,1880.67
2023-07-30 15:35:24,1880.53,1880.7,1882.2,1882.25,1880.45,1880.57
2023-07-30 15:35:35,1880.44,1880.65,1882.2,1882.25,1880.45,1880.55
2023-07-30 15:35:46,1880.41,1880.59,1882.2,1882.25,1880.45,1880.51
2023-07-30 15:35:57,1880.33,1880.47,1882.2,1882.25,1880.45,1880.51
2023-07-30 15:36:07,1880.81,1880.96,1882.2,1882.25,1880.46,1880.68
2023-07-30 15:36:18,1880.63,1880.77,1882.2,1882.25,1880.78,1880.84
2023-07-30 15:36:29,1880.75,1880.86,1882.2,1882.25,1880.78,1880.84
2023-07-30 15:36:39,1880.88,1881.07,1882.2,1882.25,1880.78,1880.84
2023-07-30 15:36:50,1880.87,1881.05,1882.2,1882.25,1880.78,1880.84
2023-07-30 15:37:01,1880.89,1881.02,1882.2,1882.25,1880.78,1880.84
2023-07-30 15:37:12,1881.01,1881.15,1882.2,1882.25,1880.78,1880.84
2023-07-30 15:37:22,1880.81,1880.95,1882.2,1882.25,1880.78,1880.84
2023-07-30 15:37:33,1880.84,1880.99,1882.2,1882.25,1880.78,1880.84
2023-07-30 15:37:44,1880.75,1880.94,1882.2,1882.25,1880.78,1880.84
2023-07-30 15:37:55,1880.98,1881.12,1882.2,1882.25,1880.78,1880.84
2023-07-30 15:38:05,1881.26,1881.39,1882.2,1882.25,1880.78,1880.84
2023-07-30 15:38:16,1881.25,1881.39,1882.2,1882.25,1880.78,1880.84
2023-07-30 15:38:27,1881.53,1881.67,1882.35,1882.4,1880.78,1880.84
2023-07-30 15:38:37,1881.83,1881.98,1882.7,1882.75,1881.68,1881.85
2023-07-30 15:38:48,1881.89,1882.05,1882.7,1882.75,1881.79,1881.85
2023-07-30 15:38:59,1881.89,1882.16,1882.7,1882.75,1881.79,1881.85
2023-07-30 15:39:09,1881.82,1882.05,1882.7,1882.75,1881.79,1881.85
2023-07-30 15:39:20,1881.8,1881.99,1882.7,1882.75,1881.79,1881.85
2023-07-30 15:39:31,1881.53,1881.77,1882.7,1882.75,1881.79,1881.85
2023-07-30 15:39:42,1881.8,1881.99,1882.7,1882.75,1881.79,1881.85
2023-07-30 15:39:52,1881.73,1881.99,1882.7,1882.75,1881.79,1881.85
2023-07-30 15:40:03,1881.91,1882.08,1882.7,1882.75,1881.79,1881.85
2023-07-30 15:40:14,1881.82,1882.05,1882.7,1882.75,1881.79,1881.85
2023-07-30 15:40:24,1881.82,1881.95,1882.7,1882.75,1881.79,1881.85
2023-07-30 15:40:35,1881.39,1881.54,1882.7,1882.75,1881.24,1881.56
2023-07-30 15:40:46,1881.36,1881.52,1882.7,1882.75,1881.24,1881.3
2023-07-30 15:40:57,1881.31,1881.52,1882.7,1882.75,1881.24,1881.3
2023-07-30 15:41:07,1881.34,1881.5,1882.7,1882.75,1881.24,1881.3
2023-07-30 15:41:18,1881.34,1881.5,1882.7,1882.75,1881.24,1881.3
2023-07-30 15:41:29,1881.3,1881.37,1882.7,1882.75,1881.24,1881.3
2023-07-30 15:41:39,1881.15,1881.27,1882.7,1882.75,1881.04,1881.1
2023-07-30 15:41:50,1880.87,1880.99,1882.5,1882.55,1880.81,1880.87
2023-07-30 15:42:01,1880.83,1880.92,1882.0,1882.05,1880.55,1880.61
2023-07-30 15:42:11,1880.7,1880.83,1882.0,1882.05,1880.55,1880.61
2023-07-30 15:42:22,1880.64,1880.76,1882.0,1882.05,1880.51,1880.57
2023-07-30 15:42:33,1880.32,1880.51,1882.0,1882.05,1880.16,1880.22
2023-07-30 15:42:44,1880.13,1880.28,1881.6,1881.65,1879.97,1880.03
2023-07-30 15:42:54,1880.52,1880.59,1881.6,1881.65,1879.97,1880.03
2023-07-30 15:43:05,1880.32,1880.49,1881.6,1881.65,1879.97,1880.03
2023-07-30 15:43:16,1880.55,1880.6,1881.6,1881.65,1879.97,1880.03
2023-07-30 15:43:26,1880.46,1880.6,1881.6,1881.65,1879.97,1880.03
2023-07-30 15:43:37,1880.7,1880.81,1881.6,1881.65,1879.97,1880.03
2023-07-30 15:43:48,1880.45,1880.59,1881.6,1881.65,1879.97,1880.03
2023-07-30 15:43:58,1880.53,1880.68,1881.6,1881.65,1879.97,1880.03
2023-07-30 15:44:09,1880.45,1880.59,1881.6,1881.65,1879.97,1880.03
2023-07-30 15:44:20,1880.28,1880.41,1881.6,1881.65,1879.97,1880.03
2023-07-30 15:44:31,1880.24,1880.39,1881.6,1881.65,1879.97,1880.03
2023-07-30 15:44:41,1880.23,1880.39,1881.6,1881.65,1879.97,1880.03
2023-07-30 15:44:52,1880.55,1880.68,1881.6,1881.65,1879.97,1880.03
2023-07-30 15:45:03,1880.47,1880.6,1881.6,1881.65,1879.97,1880.03
2023-07-30 15:45:13,1880.44,1880.61,1881.6,1881.65,1879.97,1880.03
2023-07-30 15:45:24,1880.64,1880.77,1881.6,1881.65,1879.97,1880.03
2023-07-30 15:45:35,1880.65,1880.79,1881.6,1881.65,1879.97,1880.03
2023-07-30 15:45:46,1880.67,1880.82,1881.6,1881.65,1879.97,1880.03
2023-07-30 15:45:56,1880.73,1880.88,1881.6,1881.65,1879.97,1880.03
2023-07-30 15:46:07,1880.67,1880.79,1881.6,1881.65,1879.97,1880.03
2023-07-30 15:46:18,1880.56,1880.77,1881.6,1881.65,1879.97,1880.03
2023-07-30 15:46:28,1880.61,1880.75,1881.6,1881.65,1879.97,1880.03
2023-07-30 15:46:39,1880.3,1880.44,1881.6,1881.65,1879.97,1880.03
2023-07-30 15:46:50,1880.33,1880.47,1881.6,1881.65,1879.97,1880.03
2023-07-30 15:47:00,1880.33,1880.45,1881.6,1881.65,1879.97,1880.03
2023-07-30 15:47:11,1879.99,1880.13,1881.6,1881.65,1879.73,1879.79
2023-07-30 15:47:22,1879.86,1880.1,1881.0,1881.05,1879.18,1879.24
2023-07-30 15:47:33,1879.73,1879.86,1881.0,1881.05,1879.18,1879.24
2023-07-30 15:47:43,1879.6,1879.69,1881.0,1881.05,1879.18,1879.24
2023-07-30 15:47:54,1879.28,1879.42,1881.0,1881.05,1879.18,1879.24
2023-07-30 15:48:05,1879.33,1879.38,1881.0,1881.05,1879.18,1879.24
2023-07-30 15:48:15,1879.45,1879.73,1881.0,1881.05,1879.18,1879.24
2023-07-30 15:48:26,1879.61,1879.74,1881.0,1881.05,1879.18,1879.24
2023-07-30 15:48:37,1879.28,1879.39,1881.0,1881.05,1879.18,1879.24
2023-07-30 15:48:48,1879.42,1879.57,1881.0,1881.05,1879.18,1879.24
2023-07-30 15:48:58,1879.11,1879.18,1881.0,1881.05,1879.18,1879.24
2023-07-30 15:49:09,1879.13,1879.25,1881.0,1881.05,1879.18,1879.24
2023-07-30 15:49:20,1878.97,1879.11,1880.6,1880.65,1879.18,1879.24
2023-07-30 15:49:30,1879.06,1879.24,1880.6,1880.65,1879.18,1879.24
2023-07-30 15:49:41,1878.97,1879.1,1880.6,1880.65,1879.18,1879.24
2023-07-30 15:49:52,1878.65,1878.76,1880.2,1880.25,1879.18,1879.24
2023-07-30 15:50:03,1878.81,1878.89,1880.2,1880.25,1879.18,1879.24
2023-07-30 15:50:13,1878.65,1878.82,1879.95,1880.0,1879.18,1879.24
2023-07-30 15:50:24,1878.86,1878.99,1879.95,1880.0,1879.18,1879.24
2023-07-30 15:50:35,1878.71,1878.84,1879.95,1880.0,1879.18,1879.24
2023-07-30 15:50:45,1878.61,1878.72,1879.95,1880.0,1878.47,1878.53
2023-07-30 15:50:56,1878.65,1878.78,1879.95,1880.0,1878.14,1878.23
2023-07-30 15:51:07,1878.61,1878.73,1879.95,1880.0,1878.14,1878.26
2023-07-30 15:51:18,1878.81,1878.93,1879.95,1880.0,1878.14,1878.26
2023-07-30 15:51:28,1878.68,1878.86,1879.95,1880.0,1878.14,1878.2
2023-07-30 15:51:39,1878.64,1878.72,1879.95,1880.0,1878.14,1878.2
2023-07-30 15:51:50,1878.53,1878.68,1879.95,1880.0,1878.14,1878.2
2023-07-30 15:52:00,1878.72,1878.79,1879.95,1880.0,1878.14,1878.2
2023-07-30 15:52:11,1878.42,1878.59,1879.95,1880.0,1878.14,1878.2
2023-07-30 15:52:22,1878.41,1878.51,1879.95,1880.0,1878.14,1878.2
2023-07-30 15:52:33,1878.45,1878.57,1879.95,1880.0,1878.14,1878.2
2023-07-30 15:52:43,1878.5,1878.71,1879.95,1880.0,1878.14,1878.2
2023-07-30 15:52:54,1878.52,1878.67,1879.95,1880.0,1878.14,1878.2
2023-07-30 15:53:05,1878.29,1878.45,1879.95,1880.0,1878.14,1878.2
2023-07-30 15:53:15,1878.35,1878.46,1879.95,1880.0,1878.14,1878.2
2023-07-30 15:53:26,1878.34,1878.42,1879.95,1880.0,1878.14,1878.2
2023-07-30 15:53:37,1878.01,1878.18,1879.65,1879.7,1877.95,1878.01
2023-07-30 15:53:47,1877.48,1877.65,1878.85,1878.9,1876.89,1876.95
2023-07-30 15:53:58,1876.01,1876.21,1877.25,1877.3,1876.4,1876.46
2023-07-30 15:54:09,1876.11,1876.32,1877.4,1877.45,1876.04,1876.1
2023-07-30 15:54:19,1876.6,1876.71,1877.4,1877.45,1875.94,1876.0
2023-07-30 15:54:30,1877.09,1877.28,1877.75,1877.8,1875.94,1876.0
2023-07-30 15:54:41,1876.96,1877.09,1878.25,1878.3,1876.09,1876.15
2023-07-30 15:54:51,1876.41,1876.6,1878.0,1878.05,1875.94,1876.0
2023-07-30 15:55:02,1876.16,1876.36,1877.75,1877.8,1875.45,1875.51
2023-07-30 15:55:13,1875.07,1875.38,1876.25,1876.3,1873.86,1874.12
2023-07-30 15:55:24,1876.02,1876.19,1876.9,1876.95,1874.97,1876.02
2023-07-30 15:55:34,1875.26,1875.45,1876.25,1876.3,1874.64,1875.61
2023-07-30 15:55:45,1874.44,1874.76,1876.0,1876.05,1874.66,1874.76
2023-07-30 15:55:56,1874.49,1874.74,1876.0,1876.05,1874.35,1874.69
2023-07-30 15:56:06,1874.29,1874.52,1876.0,1876.05,1873.79,1873.85
2023-07-30 15:56:17,1874.57,1874.79,1876.0,1876.05,1873.79,1873.85
2023-07-30 15:56:28,1874.7,1874.95,1876.0,1876.05,1873.79,1873.85
2023-07-30 15:56:38,1874.61,1874.73,1875.8,1875.85,1873.79,1873.85
2023-07-30 15:56:49,1874.7,1874.94,1875.8,1875.85,1873.79,1873.85
2023-07-30 15:57:00,1874.38,1874.47,1875.7,1875.75,1873.79,1873.85
2023-07-30 15:57:11,1875.12,1875.35,1876.05,1876.1,1873.79,1873.85
2023-07-30 15:57:21,1876.1,1876.24,1876.85,1876.9,1874.53,1875.77
2023-07-30 15:57:32,1876.49,1876.69,1877.75,1877.8,1875.69,1876.55
2023-07-30 15:57:43,1876.62,1876.8,1877.9,1877.95,1875.87,1876.94
2023-07-30 15:57:53,1876.57,1876.7,1877.9,1877.95,1875.87,1876.91
2023-07-30 15:58:04,1876.89,1877.05,1877.9,1877.95,1875.87,1875.93
2023-07-30 15:58:15,1877.0,1877.12,1877.9,1877.95,1875.87,1875.93
2023-07-30 15:58:25,1876.67,1876.86,1877.9,1877.95,1875.87,1875.93
2023-07-30 15:58:36,1876.21,1876.42,1877.55,1877.6,1875.65,1875.79
2023-07-30 15:58:47,1876.31,1876.46,1877.55,1877.6,1875.65,1875.71
2023-07-30 15:58:58,1876.36,1876.5,1877.55,1877.6,1875.65,1875.71
2023-07-30 15:59:08,1876.48,1876.73,1877.55,1877.6,1875.65,1875.71
2023-07-30 15:59:19,1876.68,1876.82,1877.55,1877.6,1875.65,1875.71
2023-07-30 15:59:30,1876.75,1876.93,1877.55,1877.6,1875.65,1875.71
2023-07-30 15:59:40,1876.65,1876.78,1877.55,1877.6,1875.65,1875.71
2023-07-30 15:59:51,1876.11,1876.24,1877.55,1877.6,1875.62,1875.68
2023-07-30 16:00:02,1876.26,1876.37,1877.55,1877.6,1875.61,1875.67
2023-07-30 16:00:13,1876.8,1876.88,1877.55,1877.6,1875.61,1875.67
2023-07-30 16:00:23,1876.81,1876.98,1877.7,1877.75,1876.13,1876.19
2023-07-30 16:00:34,1876.88,1877.02,1877.85,1877.9,1876.13,1876.19
2023-07-30 16:00:45,1876.87,1877.19,1877.85,1877.9,1876.13,1876.19
2023-07-30 16:00:55,1877.02,1877.19,1877.85,1877.9,1876.19,1876.25
2023-07-30 16:01:06,1877.41,1877.53,1878.25,1878.3,1876.45,1876.51
2023-07-30 16:01:17,1877.29,1877.44,1878.25,1878.3,1876.45,1876.61
2023-07-30 16:01:27,1877.2,1877.39,1878.25,1878.3,1876.45,1876.72
2023-07-30 16:01:38,1877.38,1877.57,1878.25,1878.3,1876.45,1876.72
2023-07-30 16:01:49,1877.41,1877.57,1878.25,1878.3,1876.45,1876.51
2023-07-30 16:02:00,1877.41,1877.55,1878.25,1878.3,1876.82,1876.88
2023-07-30 16:02:10,1877.36,1877.52,1878.25,1878.3,1876.82,1876.88
2023-07-30 16:02:21,1877.42,1877.55,1878.25,1878.3,1876.82,1876.88
2023-07-30 16:02:32,1877.29,1877.48,1878.25,1878.3,1876.82,1876.88
2023-07-30 16:02:42,1877.29,1877.46,1878.25,1878.3,1876.82,1876.88
2023-07-30 16:02:53,1877.2,1877.34,1878.25,1878.3,1876.82,1876.88
2023-07-30 16:03:04,1877.04,1877.19,1878.25,1878.3,1876.81,1876.87
2023-07-30 16:03:14,1876.65,1876.78,1877.3,1877.35,1876.4,1876.46
2023-07-30 16:03:25,1876.41,1876.57,1877.25,1877.3,1875.53,1875.59
2023-07-30 16:03:36,1876.09,1876.24,1877.25,1877.3,1875.55,1875.76
2023-07-30 16:03:47,1875.88,1875.99,1877.2,1877.25,1875.48,1875.54
2023-07-30 16:03:57,1876.0,1876.1,1877.25,1877.3,1875.48,1875.54
2023-07-30 16:04:08,1875.59,1875.71,1876.9,1876.95,1875.45,1875.51
2023-07-30 16:04:19,1875.91,1876.07,1876.9,1876.95,1875.45,1875.51
2023-07-30 16:04:29,1875.61,1875.8,1876.85,1876.9,1875.37,1875.43
2023-07-30 16:04:40,1875.82,1876.09,1876.85,1876.9,1875.1,1875.16
2023-07-30 16:04:51,1875.67,1875.79,1876.85,1876.9,1875.1,1875.16
2023-07-30 16:05:01,1875.46,1875.6,1876.85,1876.9,1875.1,1875.16
2023-07-30 16:05:12,1875.61,1875.74,1876.85,1876.9,1875.1,1875.16
2023-07-30 16:05:23,1876.1,1876.23,1876.85,1876.9,1875.1,1875.16
2023-07-30 16:05:33,1876.09,1876.22,1876.85,1876.9,1875.12,1875.18
2023-07-30 16:05:44,1876.05,1876.19,1876.85,1876.9,1875.15,1875.21
2023-07-30 16:05:55,1876.32,1876.49,1877.05,1877.1,1875.35,1875.41
2023-07-30 16:06:05,1876.42,1876.56,1877.25,1877.3,1875.72,1875.78
2023-07-30 16:06:16,1876.44,1876.59,1877.25,1877.3,1875.72,1875.78
2023-07-30 16:06:27,1876.5,1876.7,1877.25,1877.3,1875.72,1875.78
2023-07-30 16:06:38,1876.66,1876.81,1877.45,1877.5,1875.72,1875.78
2023-07-30 16:06:48,1876.58,1876.64,1877.45,1877.5,1875.82,1875.88
2023-07-30 16:06:59,1876.92,1877.06,1877.65,1877.7,1875.92,1875.98
2023-07-30 16:07:10,1877.3,1877.43,1877.95,1878.0,1876.28,1876.34
2023-07-30 16:07:20,1877.25,1877.44,1878.05,1878.1,1876.4,1876.46
2023-07-30 16:07:31,1877.23,1877.33,1878.05,1878.1,1876.58,1876.64
2023-07-30 16:07:42,1877.26,1877.39,1878.05,1878.1,1876.58,1876.64
2023-07-30 16:07:53,1877.46,1877.57,1878.05,1878.1,1876.58,1876.64
2023-07-30 16:08:03,1877.81,1877.83,1878.5,1878.55,1876.69,1876.75
2023-07-30 16:08:14,1877.78,1877.86,1878.5,1878.55,1876.75,1876.81
2023-07-30 16:08:25,1877.87,1878.04,1878.7,1878.75,1876.76,1876.82
2023-07-30 16:08:35,1878.1,1878.23,1878.7,1878.75,1877.12,1877.18
2023-07-30 16:08:46,1877.89,1878.08,1878.95,1879.0,1877.29,1877.35
2023-07-30 16:08:57,1878.09,1878.22,1878.95,1879.0,1877.29,1877.35
2023-07-30 16:09:08,1878.03,1878.18,1878.95,1879.0,1877.29,1877.35
2023-07-30 16:09:18,1877.91,1877.98,1878.95,1879.0,1877.29,1877.35
2023-07-30 16:09:29,1878.14,1878.28,1878.95,1879.0,1877.45,1877.51
2023-07-30 16:09:40,1878.09,1878.27,1878.95,1879.0,1877.45,1877.51
2023-07-30 16:09:50,1878.17,1878.28,1878.95,1879.0,1877.45,1877.51
2023-07-30 16:10:01,1878.22,1878.31,1878.95,1879.0,1877.45,1877.51
2023-07-30 16:10:12,1878.12,1878.26,1878.95,1879.0,1877.45,1877.51
2023-07-30 16:10:23,1878.37,1878.49,1878.95,1879.0,1877.49,1877.55
2023-07-30 16:10:33,1878.27,1878.4,1878.95,1879.0,1877.49,1877.55
2023-07-30 16:10:44,1878.35,1878.52,1878.95,1879.0,1877.49,1877.55
2023-07-30 16:10:55,1878.41,1878.56,1879.2,1879.25,1877.6,1877.66
2023-07-30 16:11:05,1878.51,1878.63,1879.2,1879.25,1877.74,1877.8
2023-07-30 16:11:16,1878.56,1878.71,1879.2,1879.25,1877.84,1877.9
2023-07-30 16:11:27,1878.53,1878.65,1879.35,1879.4,1877.94,1878.0
2023-07-30 16:11:38,1878.52,1878.69,1879.35,1879.4,1878.0,1878.06
2023-07-30 16:11:48,1878.47,1878.59,1879.35,1879.4,1878.0,1878.06
2023-07-30 16:11:59,1878.48,1878.59,1879.35,1879.4,1878.0,1878.06
2023-07-30 16:12:10,1878.22,1878.29,1879.35,1879.4,1878.0,1878.06
2023-07-30 16:12:20,1877.95,1878.09,1879.15,1879.2,1877.85,1877.91
2023-07-30 16:12:31,1877.86,1877.92,1878.95,1879.0,1877.33,1877.41
2023-07-30 16:12:42,1877.7,1877.81,1878.95,1879.0,1877.33,1877.4
2023-07-30 16:12:53,1878.15,1878.31,1878.95,1879.0,1877.33,1877.54
2023-07-30 16:13:03,1878.33,1878.43,1878.95,1879.0,1877.75,1877.81
2023-07-30 16:13:14,1878.32,1878.45,1878.95,1879.0,1877.75,1877.81
2023-07-30 16:13:25,1878.41,1878.54,1878.95,1879.0,1877.75,1877.81
2023-07-30 16:13:35,1878.67,1878.79,1879.55,1879.6,1877.94,1878.0
2023-07-30 16:13:46,1878.58,1878.71,1879.65,1879.7,1878.02,1878.08
2023-07-30 16:13:57,1878.51,1878.58,1879.65,1879.7,1878.02,1878.08
2023-07-30 16:14:08,1878.56,1878.68,1879.65,1879.7,1878.02,1878.08
2023-07-30 16:14:18,1878.64,1878.77,1879.65,1879.7,1878.02,1878.08
2023-07-30 16:14:29,1878.6,1878.71,1879.65,1879.7,1878.02,1878.08
2023-07-30 16:14:40,1878.73,1878.86,1879.65,1879.7,1878.02,1878.08
2023-07-30 16:14:50,1878.65,1878.76,1879.65,1879.7,1878.02,1878.08
2023-07-30 16:15:01,1878.76,1878.85,1879.65,1879.7,1878.02,1878.08
2023-07-30 16:15:12,1878.52,1878.66,1879.65,1879.7,1878.09,1878.1
2023-07-30 16:15:22,1878.76,1878.91,1879.65,1879.7,1878.09,1878.1
2023-07-30 16:15:33,1878.94,1879.02,1879.85,1879.9,1878.09,1878.14
2023-07-30 16:15:44,1878.8,1878.92,1879.85,1879.9,1878.08,1878.14
2023-07-30 16:15:54,1878.62,1878.76,1879.75,1879.8,1878.08,1878.14
2023-07-30 16:16:05,1877.92,1878.07,1879.55,1879.6,1877.71,1877.77
2023-07-30 16:16:16,1877.78,1877.91,1878.95,1879.0,1877.39,1877.61
2023-07-30 16:16:27,1877.6,1877.74,1878.95,1879.0,1877.66,1877.72
2023-07-30 16:16:37,1877.77,1877.89,1878.8,1878.85,1877.63,1877.69
2023-07-30 16:16:48,1877.62,1877.8,1878.8,1878.85,1877.61,1877.89
2023-07-30 16:16:59,1877.94,1878.0,1878.8,1878.85,1877.8,1877.89
2023-07-30 16:17:09,1877.88,1878.04,1878.8,1878.85,1877.83,1877.89
2023-07-30 16:17:20,1877.61,1877.71,1878.8,1878.85,1877.83,1877.89
2023-07-30 16:17:31,1877.6,1877.66,1878.8,1878.85,1877.83,1877.89
2023-07-30 16:17:41,1877.56,1877.67,1878.8,1878.85,1877.83,1877.89
2023-07-30 16:17:52,1877.86,1877.96,1878.8,1878.85,1877.83,1877.89
2023-07-30 16:18:03,1877.41,1877.55,1878.8,1878.85,1877.38,1877.44
2023-07-30 16:18:13,1877.41,1877.55,1878.8,1878.85,1877.38,1877.44
2023-07-30 16:18:24,1877.43,1877.55,1878.8,1878.85,1877.38,1877.44
2023-07-30 16:18:35,1877.47,1877.58,1878.8,1878.85,1877.38,1877.44
2023-07-30 16:18:46,1877.48,1877.63,1878.8,1878.85,1877.38,1877.44
2023-07-30 16:18:56,1877.51,1877.62,1878.8,1878.85,1877.38,1877.44
2023-07-30 16:19:07,1877.52,1877.66,1878.8,1878.85,1877.38,1877.44
2023-07-30 16:19:18,1877.56,1877.69,1878.8,1878.85,1877.38,1877.44
2023-07-30 16:19:28,1877.53,1877.67,1878.8,1878.85,1877.38,1877.44
2023-07-30 16:19:39,1877.21,1877.32,1878.8,1878.85,1877.18,1877.24
2023-07-30 16:19:50,1877.23,1877.32,1878.8,1878.85,1877.02,1877.08
2023-07-30 16:20:00,1877.26,1877.38,1878.8,1878.85,1877.01,1877.07
2023-07-30 16:20:11,1877.13,1877.26,1878.45,1878.5,1877.01,1877.07
2023-07-30 16:20:22,1877.62,1877.75,1878.45,1878.5,1876.91,1876.97
2023-07-30 16:20:33,1877.51,1877.6,1878.45,1878.5,1876.91,1876.97
2023-07-30 16:20:43,1877.44,1877.54,1878.45,1878.5,1876.91,1876.97
2023-07-30 16:20:54,1877.44,1877.58,1878.45,1878.5,1876.91,1876.97
2023-07-30 16:21:05,1877.58,1877.65,1878.45,1878.5,1876.91,1876.97
2023-07-30 16:21:15,1877.42,1877.53,1878.45,1878.5,1876.91,1876.97
2023-07-30 16:21:26,1877.34,1877.45,1878.45,1878.5,1876.91,1876.97
2023-07-30 16:21:37,1877.26,1877.37,1878.45,1878.5,1876.91,1876.97
2023-07-30 16:21:48,1876.97,1877.14,1878.45,1878.5,1876.9,1876.96
2023-07-30 16:21:58,1877.03,1877.18,1878.45,1878.5,1876.9,1876.96
2023-07-30 16:22:09,1877.06,1877.18,1878.25,1878.3,1876.9,1876.96
2023-07-30 16:22:20,1877.03,1877.19,1878.25,1878.3,1876.9,1876.96
2023-07-30 16:22:30,1877.29,1877.41,1878.25,1878.3,1876.9,1876.96
2023-07-30 16:22:41,1877.22,1877.34,1878.15,1878.2,1876.9,1876.96
2023-07-30 16:22:52,1877.12,1877.2,1878.15,1878.2,1876.9,1876.96
2023-07-30 16:23:02,1877.26,1877.38,1878.15,1878.2,1876.9,1876.96
2023-07-30 16:23:13,1877.28,1877.37,1878.15,1878.2,1876.9,1876.96
2023-07-30 16:23:24,1877.04,1877.15,1878.15,1878.2,1876.9,1876.96
2023-07-30 16:23:34,1876.99,1877.13,1878.15,1878.2,1876.89,1876.95
2023-07-30 16:23:45,1877.0,1877.13,1878.15,1878.2,1876.89,1876.95
2023-07-30 16:23:56,1876.88,1876.99,1878.15,1878.2,1876.89,1876.95
2023-07-30 16:24:07,1876.89,1876.99,1878.15,1878.2,1876.88,1876.94
2023-07-30 16:24:17,1876.97,1877.1,1878.15,1878.2,1876.88,1876.94
2023-07-30 16:24:28,1876.89,1877.03,1878.15,1878.2,1876.88,1876.94
2023-07-30 16:24:39,1876.96,1877.07,1878.15,1878.2,1876.88,1876.94
2023-07-30 16:24:49,1876.91,1877.04,1878.15,1878.2,1876.88,1876.94
2023-07-30 16:25:00,1876.88,1876.99,1878.15,1878.2,1876.87,1876.93
2023-07-30 16:25:11,1877.11,1877.21,1878.15,1878.2,1876.87,1876.93
2023-07-30 16:25:21,1877.17,1877.29,1878.15,1878.2,1876.87,1876.93
2023-07-30 16:25:32,1877.59,1877.68,1878.15,1878.2,1876.87,1876.93
2023-07-30 16:25:43,1877.53,1877.64,1878.15,1878.2,1876.87,1876.93
2023-07-30 16:25:54,1877.54,1877.7,1878.4,1878.45,1876.87,1876.93
2023-07-30 16:26:04,1877.7,1877.8,1878.4,1878.45,1876.87,1876.93
2023-07-30 16:26:15,1877.6,1877.74,1878.4,1878.45,1876.87,1876.93
2023-07-30 16:26:26,1877.6,1877.75,1878.4,1878.45,1876.87,1876.93
2023-07-30 16:26:36,1877.61,1877.78,1878.4,1878.45,1876.87,1876.93
2023-07-30 16:26:47,1877.68,1877.78,1878.4,1878.45,1876.87,1876.93
2023-07-30 16:26:58,1877.6,1877.71,1878.4,1878.45,1876.89,1876.95
2023-07-30 16:27:08,1877.62,1877.72,1878.4,1878.45,1876.89,1876.95
2023-07-30 16:27:19,1877.61,1877.74,1878.4,1878.45,1876.89,1876.95
2023-07-30 16:27:30,1877.61,1877.74,1878.4,1878.45,1876.89,1876.95
2023-07-30 16:27:41,1877.6,1877.72,1878.4,1878.45,1876.89,1876.95
2023-07-30 16:27:51,1877.6,1877.7,1878.4,1878.45,1876.89,1876.95
2023-07-30 16:28:02,1877.47,1877.57,1878.4,1878.45,1876.89,1876.95
2023-07-30 16:28:13,1877.51,1877.68,1878.4,1878.45,1876.89,1876.95
2023-07-30 16:28:23,1877.53,1877.65,1878.4,1878.45,1876.89,1876.95
2023-07-30 16:28:34,1877.57,1877.67,1878.4,1878.45,1876.89,1876.95
2023-07-30 16:28:45,1877.54,1877.65,1878.4,1878.45,1876.89,1876.95
2023-07-30 16:28:55,1877.53,1877.65,1878.4,1878.45,1876.89,1876.95
2023-07-30 16:29:06,1877.61,1877.71,1878.4,1878.45,1876.89,1876.95
2023-07-30 16:29:17,1877.66,1877.78,1878.4,1878.45,1876.89,1876.95
2023-07-30 16:29:28,1877.65,1877.79,1878.4,1878.45,1876.89,1876.95
2023-07-30 16:29:38,1877.34,1877.49,1878.4,1878.45,1876.89,1876.95
2023-07-30 16:29:49,1877.18,1877.29,1878.4,1878.45,1876.89,1876.95
2023-07-30 16:30:00,1877.13,1877.21,1878.4,1878.45,1876.89,1876.95
2023-07-30 16:30:10,1877.01,1877.14,1878.35,1878.4,1876.71,1876.77
2023-07-30 16:30:21,1877.01,1877.14,1878.35,1878.4,1876.71,1876.77
2023-07-30 16:30:32,1876.91,1876.97,1878.35,1878.4,1876.55,1876.61
2023-07-30 16:30:42,1876.69,1876.81,1878.0,1878.05,1876.53,1876.59
2023-07-30 16:30:53,1876.61,1876.71,1877.85,1877.9,1876.48,1876.54
2023-07-30 16:31:04,1876.66,1876.79,1877.85,1877.9,1876.48,1876.54
2023-07-30 16:31:15,1876.57,1876.63,1877.8,1877.85,1876.39,1876.45
2023-07-30 16:31:25,1876.27,1876.4,1877.5,1877.55,1876.16,1876.22
2023-07-30 16:31:36,1876.35,1876.44,1877.5,1877.55,1876.11,1876.17
2023-07-30 16:31:47,1875.95,1876.08,1877.15,1877.2,1875.78,1875.84
2023-07-30 16:31:57,1875.72,1875.8,1876.95,1877.0,1875.2,1875.26
2023-07-30 16:32:08,1875.67,1875.77,1876.95,1877.0,1875.2,1875.26
2023-07-30 16:32:19,1875.25,1875.38,1876.65,1876.7,1875.03,1875.09
2023-07-30 16:32:29,1875.15,1875.25,1876.5,1876.55,1874.85,1874.91
2023-07-30 16:32:40,1875.03,1875.2,1876.35,1876.4,1874.73,1874.79
2023-07-30 16:32:51,1875.14,1875.24,1876.05,1876.1,1874.33,1874.39
2023-07-30 16:33:01,1874.89,1874.98,1876.05,1876.1,1874.33,1874.39
2023-07-30 16:33:12,1874.94,1875.1,1876.05,1876.1,1874.33,1874.39
2023-07-30 16:33:23,1874.63,1874.79,1876.05,1876.1,1874.3,1874.36
2023-07-30 16:33:34,1875.1,1875.24,1876.05,1876.1,1874.28,1874.34
2023-07-30 16:33:44,1875.07,1875.18,1876.05,1876.1,1874.28,1874.34
2023-07-30 16:33:55,1875.25,1875.32,1876.05,1876.1,1874.28,1874.34
2023-07-30 16:34:06,1875.46,1875.59,1876.25,1876.3,1874.48,1874.54
2023-07-30 16:34:16,1875.17,1875.33,1876.25,1876.3,1874.48,1874.54
2023-07-30 16:34:27,1875.14,1875.19,1876.25,1876.3,1874.46,1874.52
2023-07-30 16:34:38,1874.75,1874.87,1876.05,1876.1,1874.34,1874.4
2023-07-30 16:34:49,1874.42,1874.52,1875.5,1875.55,1873.84,1873.9
2023-07-30 16:34:59,1874.19,1874.31,1875.5,1875.55,1873.67,1873.73
2023-07-30 16:35:10,1874.28,1874.43,1875.5,1875.55,1873.58,1873.64
2023-07-30 16:35:21,1874.62,1874.73,1875.5,1875.55,1873.58,1873.64
2023-07-30 16:35:31,1874.57,1874.67,1875.5,1875.55,1873.58,1873.64
2023-07-30 16:35:42,1874.49,1874.58,1875.5,1875.55,1873.58,1873.64
2023-07-30 16:35:53,1874.68,1874.74,1875.5,1875.55,1873.58,1873.64
2023-07-30 16:36:03,1874.84,1874.99,1875.65,1875.7,1873.72,1873.78
2023-07-30 16:36:14,1875.2,1875.23,1875.85,1875.9,1873.83,1874.07
2023-07-30 16:36:25,1875.22,1875.33,1875.85,1875.9,1874.21,1874.31
2023-07-30 16:36:35,1874.88,1874.95,1875.85,1875.9,1874.21,1874.31
2023-07-30 16:36:46,1874.88,1875.04,1875.85,1875.9,1874.21,1874.31
2023-07-30 16:36:57,1874.8,1874.89,1875.85,1875.9,1874.21,1874.27
2023-07-30 16:37:08,1875.0,1875.12,1875.85,1875.9,1874.21,1874.27
2023-07-30 16:37:18,1875.2,1875.34,1875.95,1876.0,1874.21,1874.27
2023-07-30 16:37:29,1875.21,1875.33,1876.25,1876.3,1874.21,1874.27
2023-07-30 16:37:40,1875.12,1875.28,1876.25,1876.3,1874.21,1874.27
2023-07-30 16:37:50,1874.84,1874.94,1876.25,1876.3,1874.12,1874.19
2023-07-30 16:38:01,1874.81,1875.0,1875.95,1876.0,1874.12,1874.18
2023-07-30 16:38:12,1875.01,1875.13,1875.95,1876.0,1874.12,1874.18
2023-07-30 16:38:23,1874.93,1875.03,1875.95,1876.0,1874.12,1874.18
2023-07-30 16:38:33,1874.8,1874.89,1875.95,1876.0,1874.12,1874.18
2023-07-30 16:38:44,1874.81,1874.91,1875.95,1876.0,1874.12,1874.18
2023-07-30 16:38:55,1874.8,1874.94,1875.95,1876.0,1874.12,1874.18
2023-07-30 16:39:05,1875.63,1875.71,1876.45,1876.5,1874.73,1874.79
2023-07-30 16:39:16,1875.91,1876.01,1876.7,1876.75,1874.92,1874.98
2023-07-30 16:39:27,1876.42,1876.5,1877.4,1877.45,1875.24,1875.3
2023-07-30 16:39:37,1876.03,1876.15,1877.0,1877.05,1875.35,1875.41
2023-07-30 16:39:48,1876.21,1876.35,1877.3,1877.35,1875.35,1875.41
2023-07-30 16:39:59,1876.17,1876.33,1877.3,1877.35,1875.35,1875.41
2023-07-30 16:40:09,1875.81,1875.95,1877.3,1877.35,1875.3,1875.36
2023-07-30 16:40:20,1875.9,1876.05,1877.3,1877.35,1875.3,1875.36
2023-07-30 16:40:31,1876.1,1876.22,1877.3,1877.35,1875.3,1875.36
2023-07-30 16:40:42,1876.13,1876.25,1877.3,1877.35,1875.3,1875.36
2023-07-30 16:40:52,1876.21,1876.39,1877.3,1877.35,1875.3,1875.36
2023-07-30 16:41:03,1876.24,1876.39,1877.3,1877.35,1875.3,1875.36
2023-07-30 16:41:14,1876.3,1876.46,1877.3,1877.35,1875.3,1875.36
2023-07-30 16:41:24,1876.36,1876.51,1877.3,1877.35,1875.31,1875.37
2023-07-30 16:41:35,1876.49,1876.57,1877.3,1877.35,1875.31,1875.37
2023-07-30 16:41:46,1876.36,1876.46,1877.3,1877.35,1875.31,1875.37
2023-07-30 16:41:56,1876.2,1876.33,1877.3,1877.35,1875.31,1875.37
2023-07-30 16:42:07,1875.85,1875.98,1877.3,1877.35,1875.31,1875.37
2023-07-30 16:42:18,1875.82,1875.92,1877.3,1877.35,1875.31,1875.32
2023-07-30 16:42:29,1875.61,1875.73,1877.0,1877.05,1875.18,1875.24
2023-07-30 16:42:39,1875.61,1875.7,1877.0,1877.05,1875.18,1875.24
2023-07-30 16:42:50,1875.61,1875.73,1877.0,1877.05,1875.18,1875.24
2023-07-30 16:43:01,1875.33,1875.52,1877.0,1877.05,1875.18,1875.19
2023-07-30 16:43:11,1875.21,1875.36,1876.3,1876.35,1874.89,1874.95
2023-07-30 16:43:22,1875.29,1875.42,1876.3,1876.35,1874.89,1874.95
2023-07-30 16:43:33,1875.01,1875.14,1876.3,1876.35,1874.81,1874.87
2023-07-30 16:43:43,1875.23,1875.34,1876.3,1876.35,1874.81,1874.87
2023-07-30 16:43:54,1875.26,1875.39,1876.3,1876.35,1874.81,1874.87
2023-07-30 16:44:05,1875.28,1875.39,1876.3,1876.35,1874.81,1874.87
2023-07-30 16:44:15,1875.41,1875.54,1876.3,1876.35,1874.82,1874.87
2023-07-30 16:44:26,1875.44,1875.57,1876.3,1876.35,1874.82,1874.87
2023-07-30 16:44:37,1875.7,1875.8,1876.3,1876.35,1874.82,1874.87
2023-07-30 16:44:48,1875.67,1875.8,1876.3,1876.35,1874.82,1874.87
2023-07-30 16:44:58,1875.72,1875.8,1876.3,1876.35,1874.82,1874.87
2023-07-30 16:45:09,1875.6,1875.72,1876.3,1876.35,1874.82,1874.87
2023-07-30 16:45:20,1875.8,1875.93,1876.55,1876.6,1874.93,1874.99
2023-07-30 16:45:30,1876.12,1876.22,1876.95,1877.0,1874.93,1874.99
2023-07-30 16:45:41,1876.13,1876.19,1876.95,1877.0,1875.2,1875.26
2023-07-30 16:45:52,1875.84,1875.92,1876.95,1877.0,1875.2,1875.26
2023-07-30 16:46:02,1875.91,1876.04,1876.95,1877.0,1875.2,1875.26
2023-07-30 16:46:13,1875.81,1875.94,1876.95,1877.0,1875.2,1875.26
2023-07-30 16:46:24,1875.93,1876.03,1876.95,1877.0,1875.2,1875.26
2023-07-30 16:46:34,1876.02,1876.14,1876.95,1877.0,1875.2,1875.26
2023-07-30 16:46:45,1875.9,1875.98,1876.95,1877.0,1875.2,1875.26
2023-07-30 16:46:56,1875.75,1875.83,1876.95,1877.0,1875.2,1875.26
2023-07-30 16:47:07,1875.83,1875.98,1876.95,1877.0,1875.2,1875.26
2023-07-30 16:47:17,1875.84,1875.97,1876.95,1877.0,1875.2,1875.26
2023-07-30 16:47:28,1875.93,1876.04,1876.95,1877.0,1875.2,1875.26
2023-07-30 16:47:39,1876.72,1876.86,1877.75,1877.8,1875.86,1875.87
2023-07-30 16:47:49,1876.58,1876.75,1877.55,1877.6,1875.86,1875.87
2023-07-30 16:48:00,1876.74,1876.85,1877.55,1877.6,1875.86,1875.87
2023-07-30 16:48:11,1877.0,1877.15,1877.95,1878.0,1876.13,1876.19
2023-07-30 16:48:22,1877.02,1877.13,1877.95,1878.0,1876.13,1876.19
2023-07-30 16:48:32,1876.83,1876.95,1877.95,1878.0,1876.13,1876.19
2023-07-30 16:48:43,1876.85,1876.99,1877.95,1878.0,1876.13,1876.19
2023-07-30 16:48:54,1876.61,1876.78,1877.95,1878.0,1876.13,1876.19
2023-07-30 16:49:04,1876.47,1876.54,1877.55,1877.6,1876.04,1876.1
2023-07-30 16:49:15,1877.04,1877.14,1877.55,1877.6,1876.13,1876.19
2023-07-30 16:49:26,1876.97,1877.07,1877.55,1877.6,1876.13,1876.19
2023-07-30 16:49:36,1877.04,1877.16,1877.55,1877.6,1876.14,1876.19
2023-07-30 16:49:47,1877.05,1877.16,1877.55,1877.6,1876.14,1876.19
2023-07-30 16:49:58,1877.4,1877.53,1878.35,1878.4,1876.38,1876.44
2023-07-30 16:50:09,1877.42,1877.54,1878.5,1878.55,1876.62,1876.68
2023-07-30 16:50:19,1877.58,1877.71,1878.6,1878.65,1876.7,1876.76
2023-07-30 16:50:30,1877.1,1877.17,1878.6,1878.65,1876.71,1876.77
2023-07-30 16:50:41,1876.81,1876.91,1878.35,1878.4,1876.79,1876.85
2023-07-30 16:50:51,1876.84,1876.99,1878.35,1878.4,1876.79,1876.85
2023-07-30 16:51:02,1876.73,1876.88,1878.35,1878.4,1876.79,1876.85
2023-07-30 16:51:13,1876.62,1876.73,1877.95,1878.0,1876.79,1876.85
2023-07-30 16:51:23,1876.28,1876.39,1877.95,1878.0,1876.14,1876.19
2023-07-30 16:51:34,1876.4,1876.57,1877.95,1878.0,1876.14,1876.19
2023-07-30 16:51:45,1876.67,1876.71,1877.95,1878.0,1876.13,1876.19
2023-07-30 16:51:55,1876.38,1876.51,1877.95,1878.0,1876.13,1876.19
2023-07-30 16:52:06,1876.26,1876.37,1877.95,1878.0,1876.18,1876.24
2023-07-30 16:52:17,1876.25,1876.39,1877.95,1878.0,1876.13,1876.19
2023-07-30 16:52:28,1876.34,1876.47,1877.95,1878.0,1876.13,1876.19
2023-07-30 16:52:38,1876.41,1876.53,1877.95,1878.0,1876.13,1876.19
2023-07-30 16:52:49,1876.21,1876.37,1877.95,1878.0,1876.13,1876.19
2023-07-30 16:53:00,1876.22,1876.37,1877.95,1878.0,1875.98,1876.04
2023-07-30 16:53:10,1876.18,1876.3,1877.45,1877.5,1875.98,1876.04
2023-07-30 16:53:21,1876.59,1876.65,1877.45,1877.5,1875.98,1876.04
2023-07-30 16:53:32,1876.52,1876.59,1877.45,1877.5,1875.98,1876.04
2023-07-30 16:53:42,1876.44,1876.55,1877.45,1877.5,1875.98,1876.04
2023-07-30 16:53:53,1876.45,1876.59,1877.45,1877.5,1875.98,1876.04
2023-07-30 16:54:04,1875.95,1876.07,1877.15,1877.2,1875.82,1875.88
2023-07-30 16:54:15,1876.06,1876.17,1877.15,1877.2,1875.82,1875.88
2023-07-30 16:54:25,1876.05,1876.14,1877.15,1877.2,1875.82,1875.88
2023-07-30 16:54:36,1876.06,1876.15,1877.15,1877.2,1875.82,1875.88
2023-07-30 16:54:47,1876.07,1876.19,1877.15,1877.2,1875.82,1875.88
2023-07-30 16:54:57,1876.02,1876.17,1877.15,1877.2,1875.82,1875.88
2023-07-30 16:55:08,1876.03,1876.19,1877.15,1877.2,1875.82,1875.88
2023-07-30 16:55:19,1876.07,1876.22,1877.15,1877.2,1875.82,1875.88
2023-07-30 16:55:29,1876.15,1876.23,1877.15,1877.2,1875.82,1875.88
2023-07-30 16:55:40,1876.24,1876.35,1877.15,1877.2,1875.82,1875.88
2023-07-30 16:55:51,1876.34,1876.52,1877.15,1877.2,1875.82,1875.88
2023-07-30 16:56:02,1876.21,1876.34,1877.15,1877.2,1875.82,1875.88
2023-07-30 16:56:12,1876.16,1876.31,1877.15,1877.2,1875.82,1875.88
2023-07-30 16:56:23,1876.16,1876.32,1877.15,1877.2,1875.82,1875.88
2023-07-30 16:56:34,1876.27,1876.35,1877.15,1877.2,1875.82,1875.88
2023-07-30 16:56:44,1876.21,1876.33,1877.15,1877.2,1875.82,1875.88
2023-07-30 16:56:55,1876.22,1876.36,1877.15,1877.2,1875.82,1875.88
2023-07-30 16:57:06,1876.32,1876.44,1877.15,1877.2,1875.82,1875.88
2023-07-30 16:57:16,1876.6,1876.77,1877.15,1877.2,1875.82,1875.88
2023-07-30 16:57:27,1876.82,1876.96,1877.55,1877.6,1875.82,1875.94
2023-07-30 16:57:38,1876.65,1876.79,1877.55,1877.6,1875.82,1875.88
2023-07-30 16:57:48,1876.75,1876.9,1877.55,1877.6,1875.82,1875.88
2023-07-30 16:57:59,1876.73,1876.88,1877.55,1877.6,1875.82,1875.88
2023-07-30 16:58:10,1876.81,1876.99,1877.55,1877.6,1875.82,1875.88
2023-07-30 16:58:21,1876.82,1877.0,1877.55,1877.6,1875.82,1876.23
2023-07-30 16:58:31,1876.81,1876.9,1877.55,1877.6,1876.4,1876.46
2023-07-30 16:58:42,1876.72,1876.86,1877.55,1877.6,1876.4,1876.46
2023-07-30 16:58:53,1876.81,1876.98,1877.55,1877.6,1876.4,1876.46
2023-07-30 16:59:03,1876.87,1876.98,1877.55,1877.6,1876.4,1876.46
2023-07-30 16:59:14,1876.96,1877.08,1877.55,1877.6,1876.4,1876.46
2023-07-30 16:59:25,1877.01,1877.1,1877.55,1877.6,1876.4,1876.46
2023-07-30 16:59:36,1877.0,1877.14,1877.55,1877.6,1876.4,1876.46
2023-07-30 16:59:46,1877.06,1877.17,1877.55,1877.6,1876.4,1876.46
2023-07-30 16:59:57,1877.01,1877.14,1877.6,1877.65,1876.4,1876.46
2023-07-30 17:00:08,1876.61,1876.68,1877.6,1877.65,1876.4,1876.46
2023-07-30 17:00:18,1876.95,1877.1,1877.6,1877.65,1876.4,1876.46
2023-07-30 17:00:29,1876.8,1876.97,1877.6,1877.65,1876.4,1876.46
2023-07-30 17:00:40,1876.78,1876.8,1877.6,1877.65,1876.4,1876.46
2023-07-30 17:00:50,1876.64,1876.69,1877.6,1877.65,1876.4,1876.46
2023-07-30 17:01:01,1876.64,1876.73,1877.6,1877.65,1876.4,1876.46
2023-07-30 17:01:12,1876.85,1876.96,1877.6,1877.65,1876.4,1876.46
2023-07-30 17:01:23,1876.94,1877.06,1877.6,1877.65,1876.4,1876.46
2023-07-30 17:01:33,1876.65,1876.73,1877.6,1877.65,1876.4,1876.46
2023-07-30 17:01:44,1876.65,1876.8,1877.6,1877.65,1876.4,1876.46
2023-07-30 17:01:55,1876.72,1876.86,1877.6,1877.65,1876.4,1876.46
2023-07-30 17:02:05,1876.74,1876.83,1877.6,1877.65,1876.4,1876.46
2023-07-30 17:02:16,1876.54,1876.65,1877.6,1877.65,1876.4,1876.46
2023-07-30 17:02:27,1876.64,1876.74,1877.6,1877.65,1876.4,1876.46
2023-07-30 17:02:37,1876.58,1876.67,1877.6,1877.65,1876.4,1876.46
2023-07-30 17:02:48,1876.53,1876.59,1877.6,1877.65,1876.4,1876.46
2023-07-30 17:02:59,1876.5,1876.61,1877.6,1877.65,1876.4,1876.46
2023-07-30 17:03:10,1876.33,1876.42,1877.6,1877.65,1876.4,1876.46
2023-07-30 17:03:20,1876.26,1876.39,1877.6,1877.65,1876.4,1876.46
2023-07-30 17:03:31,1875.6,1875.66,1876.75,1876.8,1875.51,1875.57
2023-07-30 17:03:42,1875.54,1875.63,1876.75,1876.8,1875.52,1875.58
2023-07-30 17:03:52,1875.44,1875.55,1876.75,1876.8,1875.52,1875.58
2023-07-30 17:04:03,1875.6,1875.7,1876.75,1876.8,1875.48,1875.54
2023-07-30 17:04:14,1875.63,1875.74,1876.75,1876.8,1875.48,1875.54
2023-07-30 17:04:24,1875.6,1875.65,1876.75,1876.8,1875.48,1875.54
2023-07-30 17:04:35,1875.67,1875.79,1876.75,1876.8,1875.48,1875.54
2023-07-30 17:04:46,1875.5,1875.61,1876.75,1876.8,1875.48,1875.54
2023-07-30 17:04:56,1875.68,1875.79,1876.75,1876.8,1875.48,1875.54
2023-07-30 17:05:07,1875.68,1875.77,1876.75,1876.8,1875.48,1875.54
2023-07-30 17:05:18,1875.62,1875.74,1876.75,1876.8,1875.48,1875.54
2023-07-30 17:05:29,1875.62,1875.71,1876.75,1876.8,1875.48,1875.54
2023-07-30 17:05:39,1875.72,1875.85,1876.75,1876.8,1875.48,1875.54
2023-07-30 17:05:50,1875.7,1875.81,1876.75,1876.8,1875.48,1875.54
2023-07-30 17:06:01,1876.0,1876.11,1876.95,1877.0,1875.55,1875.61
2023-07-30 17:06:11,1876.06,1876.17,1876.95,1877.0,1875.55,1875.61
2023-07-30 17:06:22,1876.01,1876.1,1876.95,1877.0,1875.55,1875.61
2023-07-30 17:06:33,1876.31,1876.44,1877.25,1877.3,1875.86,1876.1
2023-07-30 17:06:44,1876.41,1876.54,1877.25,1877.3,1876.04,1876.1
2023-07-30 17:06:54,1875.83,1875.95,1877.25,1877.3,1875.22,1875.67
2023-07-30 17:07:05,1875.83,1875.93,1877.25,1877.3,1876.0,1876.06
2023-07-30 17:07:16,1875.76,1875.86,1877.25,1877.3,1876.0,1876.06
2023-07-30 17:07:26,1875.7,1875.83,1877.25,1877.3,1875.22,1875.5
2023-07-30 17:07:37,1875.69,1875.8,1877.25,1877.3,1875.22,1875.42
2023-07-30 17:07:48,1875.78,1875.83,1877.25,1877.3,1875.22,1875.41
2023-07-30 17:07:58,1875.7,1875.85,1877.25,1877.3,1875.22,1875.41
2023-07-30 17:08:09,1875.68,1875.78,1877.25,1877.3,1875.22,1875.32
2023-07-30 17:08:20,1875.79,1875.92,1877.25,1877.3,1875.22,1875.31
2023-07-30 17:08:30,1875.74,1875.88,1877.25,1877.3,1875.22,1875.31
2023-07-30 17:08:41,1875.61,1875.75,1877.25,1877.3,1875.22,1875.29
2023-07-30 17:08:52,1875.58,1875.7,1877.15,1877.2,1875.25,1875.31
2023-07-30 17:09:03,1875.72,1875.83,1877.15,1877.2,1875.25,1875.31
2023-07-30 17:09:13,1875.67,1875.79,1877.15,1877.2,1875.25,1875.31
2023-07-30 17:09:24,1875.61,1875.79,1877.15,1877.2,1875.25,1875.31
2023-07-30 17:09:35,1875.67,1875.83,1877.15,1877.2,1875.25,1875.31
2023-07-30 17:09:45,1875.49,1875.58,1877.15,1877.2,1875.25,1875.31
2023-07-30 17:09:56,1875.25,1875.35,1876.75,1876.8,1875.25,1875.31
2023-07-30 17:10:07,1875.17,1875.3,1876.75,1876.8,1875.15,1875.21
2023-07-30 17:10:18,1875.33,1875.4,1876.65,1876.7,1874.63,1874.69
2023-07-30 17:10:28,1875.28,1875.4,1876.65,1876.7,1874.63,1874.69
2023-07-30 17:10:39,1875.13,1875.3,1876.65,1876.7,1874.63,1874.69
2023-07-30 17:10:50,1875.2,1875.33,1876.65,1876.7,1874.63,1874.69
2023-07-30 17:11:00,1875.07,1875.19,1876.35,1876.4,1874.63,1874.69
2023-07-30 17:11:11,1875.01,1875.15,1876.35,1876.4,1874.45,1874.51
2023-07-30 17:11:22,1874.94,1875.04,1876.35,1876.4,1874.45,1874.51
2023-07-30 17:11:33,1874.64,1874.79,1875.85,1875.9,1874.26,1874.32
2023-07-30 17:11:43,1874.71,1874.82,1875.85,1875.9,1874.26,1874.32
2023-07-30 17:11:54,1874.69,1874.81,1875.7,1875.75,1874.26,1874.32
2023-07-30 17:12:05,1875.25,1875.35,1876.2,1876.25,1874.48,1874.54
2023-07-30 17:12:15,1875.13,1875.28,1876.25,1876.3,1874.48,1874.54
2023-07-30 17:12:26,1875.13,1875.25,1876.25,1876.3,1874.48,1874.54
2023-07-30 17:12:37,1875.08,1875.19,1876.25,1876.3,1874.48,1874.54
2023-07-30 17:12:47,1875.29,1875.44,1876.25,1876.3,1874.48,1874.54
2023-07-30 17:12:58,1875.3,1875.41,1876.25,1876.3,1874.48,1874.54
2023-07-30 17:13:09,1875.31,1875.46,1876.25,1876.3,1874.48,1874.54
2023-07-30 17:13:20,1875.39,1875.53,1876.25,1876.3,1874.48,1874.54
2023-07-30 17:13:30,1875.24,1875.38,1876.25,1876.3,1874.48,1874.54
2023-07-30 17:13:41,1875.21,1875.31,1876.25,1876.3,1874.48,1874.54
2023-07-30 17:13:52,1875.23,1875.35,1876.25,1876.3,1874.48,1874.54
2023-07-30 17:14:02,1875.0,1875.1,1876.25,1876.3,1874.48,1874.54
2023-07-30 17:14:13,1875.15,1875.23,1876.25,1876.3,1874.48,1874.54
2023-07-30 17:14:24,1875.05,1875.16,1876.25,1876.3,1874.48,1874.54
2023-07-30 17:14:34,1875.03,1875.15,1876.25,1876.3,1874.48,1874.54
2023-07-30 17:14:45,1874.82,1874.95,1876.25,1876.3,1874.48,1874.54
2023-07-30 17:14:56,1874.49,1874.56,1875.55,1875.6,1874.02,1874.08
2023-07-30 17:15:07,1874.54,1874.65,1875.55,1875.6,1874.02,1874.08
2023-07-30 17:15:17,1874.57,1874.65,1875.55,1875.6,1874.02,1874.08
2023-07-30 17:15:28,1874.69,1874.79,1875.55,1875.6,1874.02,1874.08
2023-07-30 17:15:39,1874.47,1874.57,1875.55,1875.6,1874.02,1874.08
2023-07-30 17:15:49,1874.66,1874.77,1875.55,1875.6,1874.02,1874.08
2023-07-30 17:16:00,1874.68,1874.77,1875.55,1875.6,1874.02,1874.08
2023-07-30 17:16:11,1874.63,1874.8,1875.55,1875.6,1874.02,1874.08
2023-07-30 17:16:21,1874.72,1874.82,1875.55,1875.6,1874.02,1874.08
2023-07-30 17:16:32,1874.66,1874.79,1875.55,1875.6,1874.02,1874.08
2023-07-30 17:16:43,1874.61,1874.72,1875.6,1875.65,1874.02,1874.08
2023-07-30 17:16:53,1874.63,1874.72,1875.6,1875.65,1874.02,1874.08
2023-07-30 17:17:04,1874.68,1874.78,1875.6,1875.65,1874.02,1874.08
2023-07-30 17:17:15,1874.81,1874.91,1875.6,1875.65,1874.02,1874.08
2023-07-30 17:17:26,1874.82,1874.92,1875.6,1875.65,1874.02,1874.08
2023-07-30 17:17:36,1874.85,1874.95,1875.6,1875.65,1874.02,1874.08
2023-07-30 17:17:47,1874.91,1875.03,1875.6,1875.65,1874.02,1874.08
2023-07-30 17:17:58,1874.98,1875.09,1875.6,1875.65,1874.02,1874.08
2023-07-30 17:18:09,1874.86,1874.96,1875.6,1875.65,1874.02,1874.08
2023-07-30 17:18:19,1875.08,1875.19,1875.6,1875.65,1874.05,1874.27
2023-07-30 17:18:30,1875.1,1875.19,1875.6,1875.65,1874.37,1874.43
2023-07-30 17:18:41,1875.14,1875.26,1875.6,1875.65,1874.37,1874.43
2023-07-30 17:18:51,1875.2,1875.33,1875.85,1875.9,1874.45,1874.51
2023-07-30 17:19:02,1875.2,1875.31,1875.85,1875.9,1874.45,1874.51
2023-07-30 17:19:13,1875.33,1875.45,1875.95,1876.0,1874.66,1874.72
2023-07-30 17:19:23,1875.31,1875.47,1875.95,1876.0,1874.66,1874.72
2023-07-30 17:19:34,1875.31,1875.48,1875.95,1876.0,1874.66,1874.72
2023-07-30 17:19:45,1875.32,1875.42,1875.95,1876.0,1874.66,1874.72
2023-07-30 17:19:56,1875.5,1875.58,1875.95,1876.0,1874.86,1874.92
2023-07-30 17:20:06,1875.48,1875.58,1875.95,1876.0,1874.86,1874.92
2023-07-30 17:20:17,1875.38,1875.48,1875.95,1876.0,1874.86,1874.92
2023-07-30 17:20:28,1875.31,1875.36,1875.95,1876.0,1874.86,1874.92
2023-07-30 17:20:38,1875.27,1875.35,1875.95,1876.0,1874.86,1874.92
2023-07-30 17:20:49,1875.23,1875.31,1875.95,1876.0,1874.86,1874.92
2023-07-30 17:21:00,1875.23,1875.31,1875.95,1876.0,1874.86,1874.92
2023-07-30 17:21:10,1875.39,1875.47,1875.95,1876.0,1874.86,1874.92
2023-07-30 17:21:21,1875.4,1875.51,1875.95,1876.0,1874.86,1874.92
2023-07-30 17:21:32,1875.49,1875.6,1875.95,1876.0,1874.86,1874.92
2023-07-30 17:21:42,1875.53,1875.66,1875.95,1876.0,1874.86,1874.92
2023-07-30 17:21:53,1875.51,1875.64,1875.95,1876.0,1874.86,1874.92
2023-07-30 17:22:04,1875.66,1875.68,1876.25,1876.3,1874.86,1874.92
2023-07-30 17:22:15,1875.55,1875.66,1876.25,1876.3,1874.86,1874.92
2023-07-30 17:22:25,1875.55,1875.59,1876.25,1876.3,1874.86,1874.92
2023-07-30 17:22:36,1875.4,1875.54,1876.25,1876.3,1874.86,1874.92
2023-07-30 17:22:47,1875.4,1875.56,1876.25,1876.3,1874.86,1874.92
2023-07-30 17:22:57,1875.36,1875.49,1876.25,1876.3,1874.86,1874.92
2023-07-30 17:23:08,1875.33,1875.44,1876.25,1876.3,1874.86,1874.92
2023-07-30 17:23:19,1875.33,1875.47,1876.25,1876.3,1874.86,1874.92
2023-07-30 17:23:29,1875.31,1875.44,1876.25,1876.3,1874.86,1874.92
2023-07-30 17:23:40,1875.38,1875.51,1876.25,1876.3,1874.86,1874.92
2023-07-30 17:23:51,1875.41,1875.55,1876.25,1876.3,1874.86,1874.92
2023-07-30 17:24:02,1875.57,1875.68,1876.4,1876.45,1874.86,1874.92
2023-07-30 17:24:12,1875.45,1875.61,1876.45,1876.5,1874.86,1874.92
2023-07-30 17:24:23,1875.77,1875.94,1876.45,1876.5,1875.1,1875.16
2023-07-30 17:24:34,1875.73,1875.87,1876.45,1876.5,1875.1,1875.16
2023-07-30 17:24:44,1875.48,1875.59,1876.45,1876.5,1875.1,1875.16
2023-07-30 17:24:55,1875.29,1875.39,1876.45,1876.5,1875.1,1875.16
2023-07-30 17:25:06,1875.25,1875.35,1876.45,1876.5,1875.1,1875.16
2023-07-30 17:25:16,1875.25,1875.35,1876.45,1876.5,1875.1,1875.16
2023-07-30 17:25:27,1875.22,1875.33,1876.45,1876.5,1875.1,1875.16
2023-07-30 17:25:38,1875.35,1875.46,1876.45,1876.5,1875.1,1875.16
2023-07-30 17:25:49,1874.81,1874.96,1876.3,1876.35,1874.69,1874.75
2023-07-30 17:25:59,1875.0,1875.15,1876.3,1876.35,1874.69,1874.75
2023-07-30 17:26:10,1875.01,1875.18,1876.3,1876.35,1874.69,1874.75
2023-07-30 17:26:21,1875.0,1875.12,1876.3,1876.35,1874.69,1874.75
2023-07-30 17:26:31,1875.46,1875.57,1876.3,1876.35,1874.92,1874.98
2023-07-30 17:26:42,1875.56,1875.62,1876.35,1876.4,1874.92,1874.98
2023-07-30 17:26:53,1875.62,1875.72,1876.4,1876.45,1874.92,1874.98
2023-07-30 17:27:03,1875.57,1875.71,1876.4,1876.45,1874.92,1874.98
2023-07-30 17:27:14,1875.47,1875.59,1876.4,1876.45,1874.92,1874.98
2023-07-30 17:27:25,1875.33,1875.5,1876.6,1876.65,1874.92,1874.98
2023-07-30 17:27:36,1875.33,1875.49,1876.6,1876.65,1874.92,1874.98
2023-07-30 17:27:46,1875.33,1875.5,1876.6,1876.65,1874.92,1874.98
2023-07-30 17:27:57,1875.7,1875.82,1876.9,1876.95,1875.11,1875.17
2023-07-30 17:28:08,1875.68,1875.84,1876.9,1876.95,1875.11,1875.17
2023-07-30 17:28:18,1875.79,1875.86,1876.9,1876.95,1875.11,1875.17
2023-07-30 17:28:29,1875.91,1876.03,1876.9,1876.95,1875.31,1875.37
2023-07-30 17:28:40,1875.89,1876.03,1876.9,1876.95,1875.31,1875.37
2023-07-30 17:28:50,1875.88,1875.98,1876.9,1876.95,1875.31,1875.37
2023-07-30 17:29:01,1875.98,1876.08,1876.95,1877.0,1875.31,1875.37
2023-07-30 17:29:12,1875.77,1875.89,1876.95,1877.0,1875.31,1875.37
2023-07-30 17:29:23,1875.87,1875.97,1876.95,1877.0,1875.31,1875.37
2023-07-30 17:29:33,1875.92,1875.99,1876.95,1877.0,1875.31,1875.37
2023-07-30 17:29:44,1875.8,1875.85,1876.95,1877.0,1875.31,1875.37
2023-07-30 17:29:55,1875.74,1875.85,1876.95,1877.0,1875.31,1875.37
2023-07-30 17:30:05,1875.83,1875.91,1876.95,1877.0,1875.31,1875.37
2023-07-30 17:30:16,1875.59,1875.63,1876.95,1877.0,1875.31,1875.37
2023-07-30 17:30:27,1875.67,1875.79,1876.95,1877.0,1875.31,1875.37
2023-07-30 17:30:37,1875.64,1875.7,1876.95,1877.0,1875.31,1875.37
2023-07-30 17:30:48,1875.74,1875.84,1876.95,1877.0,1875.31,1875.37
2023-07-30 17:30:59,1875.66,1875.79,1876.95,1877.0,1875.31,1875.37
2023-07-30 17:31:10,1875.69,1875.82,1876.95,1877.0,1875.31,1875.37
2023-07-30 17:31:20,1875.58,1875.6,1876.95,1877.0,1875.31,1875.37
2023-07-30 17:31:31,1875.47,1875.52,1876.95,1877.0,1875.31,1875.37
2023-07-30 17:31:42,1875.5,1875.59,1876.95,1877.0,1875.31,1875.37
2023-07-30 17:31:52,1875.48,1875.59,1876.95,1877.0,1875.31,1875.37
2023-07-30 17:32:03,1875.71,1875.85,1876.95,1877.0,1875.31,1875.37
2023-07-30 17:32:14,1875.69,1875.78,1876.95,1877.0,1875.31,1875.37
2023-07-30 17:32:25,1875.65,1875.75,1876.95,1877.0,1875.31,1875.37
2023-07-30 17:32:35,1875.67,1875.75,1876.95,1877.0,1875.31,1875.37
2023-07-30 17:32:46,1875.74,1875.79,1876.95,1877.0,1875.31,1875.37
2023-07-30 17:32:57,1875.69,1875.77,1876.95,1877.0,1875.31,1875.37
2023-07-30 17:33:07,1875.52,1875.64,1876.95,1877.0,1875.31,1875.37
2023-07-30 17:33:18,1875.47,1875.54,1876.95,1877.0,1875.31,1875.37
2023-07-30 17:33:29,1875.51,1875.61,1876.95,1877.0,1875.31,1875.37
2023-07-30 17:33:40,1875.54,1875.64,1876.95,1877.0,1875.31,1875.37
2023-07-30 17:33:50,1875.57,1875.65,1876.95,1877.0,1875.31,1875.37
2023-07-30 17:34:01,1875.53,1875.58,1876.95,1877.0,1875.31,1875.37
2023-07-30 17:34:12,1875.58,1875.68,1876.95,1877.0,1875.31,1875.37
2023-07-30 17:34:22,1875.57,1875.68,1876.95,1877.0,1875.31,1875.37
2023-07-30 17:34:33,1875.56,1875.68,1876.95,1877.0,1875.31,1875.37
2023-07-30 17:34:44,1875.61,1875.76,1876.95,1877.0,1875.31,1875.37
2023-07-30 17:34:55,1875.64,1875.73,1876.95,1877.0,1875.31,1875.37
2023-07-30 17:35:05,1875.68,1875.77,1876.95,1877.0,1875.31,1875.37
2023-07-30 17:35:16,1875.57,1875.72,1876.95,1877.0,1875.31,1875.37
2023-07-30 17:35:27,1875.6,1875.69,1876.95,1877.0,1875.31,1875.37
2023-07-30 17:35:37,1875.6,1875.74,1876.95,1877.0,1875.31,1875.37
2023-07-30 17:35:48,1875.36,1875.41,1876.95,1877.0,1875.31,1875.37
2023-07-30 17:35:59,1875.42,1875.47,1876.95,1877.0,1875.31,1875.37
2023-07-30 17:36:09,1875.27,1875.37,1876.95,1877.0,1875.31,1875.37
2023-07-30 17:36:20,1875.42,1875.55,1876.95,1877.0,1875.31,1875.37
2023-07-30 17:36:31,1875.26,1875.35,1876.95,1877.0,1875.31,1875.37
2023-07-30 17:36:41,1875.5,1875.6,1876.95,1877.0,1875.31,1875.37
2023-07-30 17:36:52,1875.44,1875.59,1876.95,1877.0,1875.31,1875.37
2023-07-30 17:37:03,1875.36,1875.38,1876.95,1877.0,1875.31,1875.37
2023-07-30 17:37:14,1875.51,1875.67,1876.95,1877.0,1875.31,1875.37
2023-07-30 17:37:24,1875.58,1875.7,1876.95,1877.0,1875.31,1875.37
2023-07-30 17:37:35,1875.48,1875.61,1876.95,1877.0,1875.31,1875.37
2023-07-30 17:37:46,1875.52,1875.61,1876.95,1877.0,1875.31,1875.37
2023-07-30 17:37:56,1875.56,1875.72,1877.05,1877.1,1875.31,1875.37
2023-07-30 17:38:07,1875.71,1875.82,1877.05,1877.1,1875.31,1875.37
2023-07-30 17:38:18,1875.77,1875.88,1877.05,1877.1,1875.61,1875.67
2023-07-30 17:38:28,1875.74,1875.88,1877.05,1877.1,1875.61,1875.67
2023-07-30 17:38:39,1875.92,1876.06,1877.05,1877.1,1875.61,1875.67
2023-07-30 17:38:50,1875.87,1876.02,1877.05,1877.1,1875.61,1875.67
2023-07-30 17:39:01,1876.18,1876.27,1877.4,1877.45,1875.61,1875.67
2023-07-30 17:39:11,1876.05,1876.19,1877.4,1877.45,1875.61,1875.67
2023-07-30 17:39:22,1875.99,1876.09,1877.4,1877.45,1875.61,1875.67
2023-07-30 17:39:33,1876.09,1876.23,1877.4,1877.45,1875.61,1875.67
2023-07-30 17:39:43,1876.41,1876.46,1877.4,1877.45,1875.61,1875.67
2023-07-30 17:39:54,1876.35,1876.48,1877.65,1877.7,1875.61,1875.67
2023-07-30 17:40:05,1876.33,1876.44,1877.65,1877.7,1875.8,1875.86
2023-07-30 17:40:15,1876.49,1876.59,1877.65,1877.7,1875.8,1875.86
2023-07-30 17:40:26,1876.51,1876.59,1877.65,1877.7,1875.8,1875.86
2023-07-30 17:40:37,1876.57,1876.67,1877.65,1877.7,1875.8,1875.86
2023-07-30 17:40:48,1876.57,1876.67,1877.65,1877.7,1875.8,1875.86
2023-07-30 17:40:58,1876.09,1876.19,1877.65,1877.7,1875.8,1875.86
2023-07-30 17:41:09,1876.1,1876.23,1877.65,1877.7,1875.8,1875.86
2023-07-30 17:41:20,1876.24,1876.34,1877.65,1877.7,1875.8,1875.86
2023-07-30 17:41:30,1876.2,1876.35,1877.65,1877.7,1875.8,1875.86
2023-07-30 17:41:41,1876.2,1876.35,1877.65,1877.7,1875.8,1875.86
2023-07-30 17:41:52,1876.28,1876.37,1877.65,1877.7,1875.8,1875.86
2023-07-30 17:42:02,1876.22,1876.37,1877.65,1877.7,1875.8,1875.86
2023-07-30 17:42:13,1876.3,1876.39,1877.65,1877.7,1875.8,1875.86
2023-07-30 17:42:24,1876.33,1876.45,1877.65,1877.7,1875.8,1875.86
2023-07-30 17:42:35,1876.33,1876.47,1877.65,1877.7,1875.8,1875.86
2023-07-30 17:42:45,1876.33,1876.49,1877.65,1877.7,1875.8,1875.86
2023-07-30 17:42:56,1876.28,1876.37,1877.65,1877.7,1875.8,1875.86
2023-07-30 17:43:07,1876.17,1876.28,1877.65,1877.7,1875.8,1875.86
2023-07-30 17:43:17,1876.24,1876.35,1877.65,1877.7,1875.8,1875.86
2023-07-30 17:43:28,1876.24,1876.39,1877.65,1877.7,1875.8,1875.86
2023-07-30 17:43:39,1876.29,1876.39,1877.65,1877.7,1875.8,1875.86
2023-07-30 17:43:49,1876.37,1876.43,1877.65,1877.7,1875.8,1875.86
2023-07-30 17:44:00,1876.41,1876.51,1877.65,1877.7,1875.8,1875.86
2023-07-30 17:44:11,1876.4,1876.49,1877.65,1877.7,1875.8,1875.86
2023-07-30 17:44:21,1876.36,1876.47,1877.65,1877.7,1875.8,1875.86
2023-07-30 17:44:32,1876.42,1876.53,1877.65,1877.7,1875.8,1875.86
2023-07-30 17:44:43,1876.46,1876.57,1877.65,1877.7,1875.8,1875.86
2023-07-30 17:44:53,1876.42,1876.46,1877.65,1877.7,1875.8,1875.86
2023-07-30 17:45:04,1876.34,1876.42,1877.65,1877.7,1875.8,1875.86
2023-07-30 17:45:15,1876.28,1876.37,1877.65,1877.7,1875.8,1875.86
2023-07-30 17:45:26,1876.22,1876.35,1877.65,1877.7,1875.8,1875.86
2023-07-30 17:45:36,1876.34,1876.47,1877.65,1877.7,1875.8,1875.86
2023-07-30 17:45:47,1876.32,1876.44,1877.65,1877.7,1875.8,1875.86
2023-07-30 17:45:58,1876.42,1876.55,1877.65,1877.7,1875.8,1875.86
2023-07-30 17:46:08,1876.37,1876.52,1877.65,1877.7,1875.8,1875.86
2023-07-30 17:46:19,1876.43,1876.52,1877.65,1877.7,1875.8,1875.86
2023-07-30 17:46:30,1876.35,1876.46,1877.65,1877.7,1875.8,1875.86
2023-07-30 17:46:41,1876.33,1876.48,1877.65,1877.7,1875.8,1875.86
2023-07-30 17:46:51,1876.32,1876.48,1877.65,1877.7,1875.8,1875.86
2023-07-30 17:47:02,1876.31,1876.39,1877.65,1877.7,1875.8,1875.86
2023-07-30 17:47:13,1876.31,1876.39,1877.65,1877.7,1875.8,1875.86
2023-07-30 17:47:23,1876.31,1876.39,1877.65,1877.7,1875.8,1875.86
2023-07-30 17:47:34,1875.69,1875.92,1877.65,1877.7,1875.8,1875.86
2023-07-30 17:47:45,1875.83,1875.99,1877.65,1877.7,1875.8,1875.86
2023-07-30 17:47:55,1875.75,1875.88,1877.65,1877.7,1875.8,1875.86
2023-07-30 17:48:06,1875.84,1875.96,1877.65,1877.7,1875.8,1875.86
2023-07-30 17:48:17,1875.85,1875.95,1877.65,1877.7,1875.8,1875.86
2023-07-30 17:48:28,1876.11,1876.19,1877.65,1877.7,1875.8,1875.86
2023-07-30 17:48:38,1876.17,1876.26,1877.65,1877.7,1875.8,1875.86
2023-07-30 17:48:49,1876.21,1876.32,1877.65,1877.7,1875.8,1875.86
2023-07-30 17:49:00,1876.09,1876.24,1877.65,1877.7,1875.8,1875.86
2023-07-30 17:49:10,1876.09,1876.26,1877.65,1877.7,1875.8,1875.86
2023-07-30 17:49:21,1876.07,1876.19,1877.65,1877.7,1875.8,1875.86
2023-07-30 17:49:32,1876.04,1876.15,1877.65,1877.7,1875.8,1875.86
2023-07-30 17:49:42,1876.3,1876.4,1877.65,1877.7,1875.8,1875.86
2023-07-30 17:49:53,1876.38,1876.41,1877.65,1877.7,1875.8,1875.86
2023-07-30 17:50:04,1876.28,1876.39,1877.65,1877.7,1875.8,1875.86
2023-07-30 17:50:14,1876.34,1876.41,1877.65,1877.7,1875.8,1875.86
2023-07-30 17:50:25,1876.25,1876.37,1877.65,1877.7,1875.8,1875.86
2023-07-30 17:50:36,1876.68,1876.79,1877.85,1877.9,1875.8,1875.86
2023-07-30 17:50:47,1876.63,1876.66,1877.85,1877.9,1875.8,1875.86
2023-07-30 17:50:57,1876.66,1876.78,1877.85,1877.9,1875.8,1875.86
2023-07-30 17:51:08,1876.53,1876.7,1877.85,1877.9,1875.8,1875.86
2023-07-30 17:51:19,1876.65,1876.75,1877.85,1877.9,1875.8,1875.86
2023-07-30 17:51:29,1876.61,1876.71,1877.85,1877.9,1875.8,1875.86
2023-07-30 17:51:40,1876.52,1876.58,1877.85,1877.9,1875.8,1875.86
2023-07-30 17:51:51,1876.36,1876.46,1877.85,1877.9,1875.8,1875.86
2023-07-30 17:52:02,1876.42,1876.55,1877.85,1877.9,1875.8,1875.86
2023-07-30 17:52:12,1876.58,1876.64,1877.85,1877.9,1875.8,1875.86
2023-07-30 17:52:23,1876.65,1876.76,1877.85,1877.9,1875.8,1875.86
2023-07-30 17:52:34,1876.61,1876.74,1877.85,1877.9,1875.8,1875.86
2023-07-30 17:52:44,1876.72,1876.77,1877.85,1877.9,1875.8,1875.86
2023-07-30 17:52:55,1876.65,1876.79,1877.85,1877.9,1875.8,1875.86
2023-07-30 17:53:06,1876.76,1876.86,1877.85,1877.9,1875.8,1875.86
2023-07-30 17:53:16,1876.76,1876.86,1877.85,1877.9,1875.8,1875.86
2023-07-30 17:53:27,1877.01,1877.12,1878.2,1878.25,1876.13,1876.19
2023-07-30 17:53:38,1877.06,1877.16,1878.2,1878.25,1876.13,1876.19
2023-07-30 17:53:49,1877.26,1877.39,1878.2,1878.25,1876.43,1876.49
2023-07-30 17:53:59,1877.22,1877.32,1878.2,1878.25,1876.43,1876.49
2023-07-30 17:54:10,1877.45,1877.56,1878.7,1878.75,1876.43,1876.49
2023-07-30 17:54:21,1877.45,1877.59,1878.7,1878.75,1876.61,1876.67
2023-07-30 17:54:31,1877.26,1877.37,1878.7,1878.75,1876.61,1876.67
2023-07-30 17:54:42,1877.3,1877.43,1878.7,1878.75,1876.61,1876.67
2023-07-30 17:54:53,1877.38,1877.52,1878.7,1878.75,1876.61,1876.67
2023-07-30 17:55:03,1877.67,1877.74,1878.95,1879.0,1877.05,1877.11
2023-07-30 17:55:14,1877.69,1877.79,1879.15,1879.2,1877.05,1877.11
2023-07-30 17:55:25,1877.68,1877.8,1879.15,1879.2,1877.05,1877.11
2023-07-30 17:55:35,1877.75,1877.87,1879.35,1879.4,1877.05,1877.11
2023-07-30 17:55:46,1878.26,1878.37,1879.9,1879.95,1877.58,1877.64
2023-07-30 17:55:57,1878.34,1878.44,1879.9,1879.95,1877.58,1877.64
2023-07-30 17:56:08,1878.06,1878.2,1879.9,1879.95,1877.58,1877.64
2023-07-30 17:56:18,1877.94,1878.07,1879.9,1879.95,1877.58,1877.64
2023-07-30 17:56:29,1877.98,1878.13,1879.9,1879.95,1877.58,1877.64
2023-07-30 17:56:40,1877.91,1878.04,1879.9,1879.95,1877.58,1877.64
2023-07-30 17:56:50,1877.87,1878.04,1879.9,1879.95,1877.58,1877.64
2023-07-30 17:57:01,1877.95,1878.06,1879.9,1879.95,1877.58,1877.64
2023-07-30 17:57:12,1877.84,1877.98,1879.9,1879.95,1877.58,1877.64
2023-07-30 17:57:22,1877.75,1877.84,1879.9,1879.95,1877.58,1877.64
2023-07-30 17:57:33,1877.86,1877.96,1879.0,1879.05,1877.58,1877.64
2023-07-30 17:57:44,1877.89,1877.92,1879.0,1879.05,1877.58,1877.64
2023-07-30 17:57:55,1878.09,1878.16,1879.3,1879.35,1877.58,1877.64
2023-07-30 17:58:05,1878.14,1878.21,1879.3,1879.35,1877.58,1877.64
2023-07-30 17:58:16,1878.08,1878.2,1879.3,1879.35,1877.58,1877.64
2023-07-30 17:58:27,1877.98,1878.05,1879.3,1879.35,1877.58,1877.64
2023-07-30 17:58:37,1878.11,1878.18,1879.3,1879.35,1877.58,1877.64
2023-07-30 17:58:48,1878.04,1878.14,1879.3,1879.35,1877.58,1877.64
2023-07-30 17:58:59,1878.08,1878.19,1879.55,1879.6,1877.58,1877.64
2023-07-30 17:59:09,1878.03,1878.15,1879.55,1879.6,1877.58,1877.64
2023-07-30 17:59:20,1878.03,1878.17,1879.55,1879.6,1877.58,1877.64
2023-07-30 17:59:31,1878.0,1878.13,1879.55,1879.6,1877.58,1877.64
2023-07-30 17:59:42,1878.12,1878.24,1879.65,1879.7,1877.58,1877.64
2023-07-30 17:59:52,1878.13,1878.26,1879.65,1879.7,1877.58,1877.64
2023-07-30 18:00:03,1878.16,1878.25,1879.7,1879.75,1877.79,1877.85
2023-07-30 18:00:14,1878.0,1878.1,1879.7,1879.75,1877.79,1877.85
2023-07-30 18:00:24,1877.94,1878.11,1879.7,1879.75,1877.79,1877.85
2023-07-30 18:00:35,1877.92,1878.07,1879.7,1879.75,1877.79,1877.85
2023-07-30 18:00:46,1878.24,1878.4,1879.7,1879.75,1877.97,1878.03
2023-07-30 18:00:56,1878.08,1878.22,1879.7,1879.75,1877.97,1878.03
2023-07-30 18:01:07,1878.01,1878.17,1879.75,1879.8,1877.97,1878.03
2023-07-30 18:01:18,1877.76,1877.84,1879.75,1879.8,1877.97,1878.03
2023-07-30 18:01:28,1877.74,1877.82,1879.75,1879.8,1877.97,1878.03
2023-07-30 18:01:39,1877.82,1877.89,1879.75,1879.8,1877.97,1878.03
2023-07-30 18:01:50,1878.15,1878.24,1879.75,1879.8,1877.97,1878.03
2023-07-30 18:02:01,1878.17,1878.25,1879.75,1879.8,1877.97,1878.03
2023-07-30 18:02:11,1878.1,1878.19,1879.75,1879.8,1877.97,1878.03
2023-07-30 18:02:22,1877.98,1878.07,1879.75,1879.8,1877.97,1878.03
2023-07-30 18:02:33,1878.06,1878.14,1879.75,1879.8,1877.97,1878.03
2023-07-30 18:02:43,1878.1,1878.16,1879.75,1879.8,1877.97,1878.03
2023-07-30 18:02:54,1878.04,1878.15,1879.75,1879.8,1877.97,1878.03
2023-07-30 18:03:05,1878.05,1878.24,1879.75,1879.8,1877.97,1878.03
2023-07-30 18:03:15,1878.05,1878.15,1879.75,1879.8,1877.97,1878.03
2023-07-30 18:03:26,1878.13,1878.21,1879.75,1879.8,1877.97,1878.03
2023-07-30 18:03:37,1878.26,1878.35,1879.75,1879.8,1877.97,1878.03
2023-07-30 18:03:48,1878.22,1878.38,1879.75,1879.8,1877.97,1878.03
2023-07-30 18:03:58,1878.23,1878.34,1879.75,1879.8,1877.97,1878.03
2023-07-30 18:04:09,1878.21,1878.3,1879.75,1879.8,1877.97,1878.03
2023-07-30 18:04:20,1878.14,1878.24,1879.75,1879.8,1877.97,1878.03
2023-07-30 18:04:30,1878.15,1878.27,1879.75,1879.8,1877.97,1878.03
2023-07-30 18:04:41,1878.11,1878.21,1879.75,1879.8,1877.97,1878.03
2023-07-30 18:04:52,1877.98,1878.14,1879.75,1879.8,1877.97,1878.03
2023-07-30 18:05:02,1878.01,1878.14,1879.75,1879.8,1877.97,1878.03
2023-07-30 18:05:13,1877.71,1877.84,1879.75,1879.8,1877.97,1878.03
2023-07-30 18:05:24,1877.66,1877.75,1879.75,1879.8,1877.97,1878.03
2023-07-30 18:05:35,1877.64,1877.77,1879.75,1879.8,1877.97,1878.03
2023-07-30 18:05:45,1877.62,1877.76,1879.75,1879.8,1877.97,1878.03
2023-07-30 18:05:56,1877.7,1877.76,1879.75,1879.8,1877.97,1878.03
2023-07-30 18:06:07,1877.6,1877.72,1879.75,1879.8,1877.97,1878.03
2023-07-30 18:06:17,1877.61,1877.73,1879.75,1879.8,1877.97,1878.03
2023-07-30 18:06:28,1877.55,1877.68,1879.75,1879.8,1877.97,1878.03
2023-07-30 18:06:39,1877.4,1877.53,1879.05,1879.1,1877.97,1878.03
2023-07-30 18:06:49,1877.39,1877.51,1879.05,1879.1,1877.97,1878.03
2023-07-30 18:07:00,1877.37,1877.46,1879.05,1879.1,1877.97,1878.03
2023-07-30 18:07:11,1877.47,1877.57,1879.05,1879.1,1877.97,1878.03
2023-07-30 18:07:21,1877.48,1877.56,1879.05,1879.1,1877.97,1878.03
2023-07-30 18:07:32,1877.5,1877.6,1879.05,1879.1,1877.97,1878.03
2023-07-30 18:07:43,1877.48,1877.6,1879.05,1879.1,1877.97,1878.03
2023-07-30 18:07:54,1877.85,1877.94,1879.05,1879.1,1877.97,1878.03
2023-07-30 18:08:04,1877.73,1877.86,1879.05,1879.1,1877.97,1878.03
2023-07-30 18:08:15,1877.9,1878.0,1879.05,1879.1,1877.97,1878.03
2023-07-30 18:08:26,1877.89,1878.0,1879.05,1879.1,1877.97,1878.03
2023-07-30 18:08:36,1877.78,1877.91,1879.05,1879.1,1877.97,1878.03
2023-07-30 18:08:47,1877.73,1877.86,1879.05,1879.1,1877.97,1878.03
2023-07-30 18:08:58,1877.81,1877.99,1879.05,1879.1,1877.97,1878.03
2023-07-30 18:09:08,1877.71,1877.88,1879.05,1879.1,1877.97,1878.03
2023-07-30 18:09:19,1877.8,1877.89,1879.05,1879.1,1877.97,1878.03
2023-07-30 18:09:30,1877.8,1877.89,1879.05,1879.1,1877.97,1878.03
2023-07-30 18:09:41,1877.73,1877.93,1879.05,1879.1,1877.97,1878.03
2023-07-30 18:09:51,1877.9,1877.99,1879.05,1879.1,1877.97,1878.03
2023-07-30 18:10:02,1877.99,1878.09,1879.15,1879.2,1877.97,1878.03
2023-07-30 18:10:13,1877.83,1877.9,1879.15,1879.2,1877.97,1878.03
2023-07-30 18:10:23,1877.93,1878.01,1879.15,1879.2,1877.97,1878.03
2023-07-30 18:10:34,1877.81,1877.93,1879.15,1879.2,1877.97,1878.03
2023-07-30 18:10:45,1877.85,1877.94,1879.15,1879.2,1877.97,1878.03
2023-07-30 18:10:55,1877.88,1877.99,1879.15,1879.2,1877.97,1878.03
2023-07-30 18:11:06,1877.91,1878.05,1879.15,1879.2,1877.97,1878.03
2023-07-30 18:11:17,1877.94,1878.06,1879.15,1879.2,1877.97,1878.03
2023-07-30 18:11:28,1877.8,1877.86,1879.15,1879.2,1877.97,1878.03
2023-07-30 18:11:38,1877.92,1878.0,1879.15,1879.2,1877.97,1878.03
2023-07-30 18:11:49,1877.66,1877.77,1879.15,1879.2,1877.97,1878.03
2023-07-30 18:12:00,1877.67,1877.75,1879.15,1879.2,1877.97,1878.03
2023-07-30 18:12:10,1877.62,1877.72,1879.15,1879.2,1877.97,1878.03
2023-07-30 18:12:21,1877.49,1877.58,1879.15,1879.2,1877.97,1878.03
2023-07-30 18:12:32,1877.44,1877.53,1879.15,1879.2,1877.97,1878.03
2023-07-30 18:12:42,1877.36,1877.49,1879.15,1879.2,1877.97,1878.03
2023-07-30 18:12:53,1877.43,1877.53,1879.15,1879.2,1877.97,1878.03
2023-07-30 18:13:04,1877.28,1877.38,1879.15,1879.2,1877.97,1878.03
2023-07-30 18:13:14,1877.21,1877.32,1879.15,1879.2,1877.97,1878.03
2023-07-30 18:13:25,1877.27,1877.36,1879.15,1879.2,1877.97,1878.03
2023-07-30 18:13:36,1877.21,1877.36,1879.15,1879.2,1877.97,1878.03
2023-07-30 18:13:46,1877.21,1877.31,1879.15,1879.2,1877.97,1878.03
2023-07-30 18:13:57,1877.11,1877.26,1879.15,1879.2,1877.97,1878.03
2023-07-30 18:14:08,1877.21,1877.32,1879.15,1879.2,1877.97,1878.03
2023-07-30 18:14:19,1877.31,1877.39,1879.15,1879.2,1877.97,1878.03
2023-07-30 18:14:29,1877.27,1877.39,1879.15,1879.2,1877.97,1878.03
2023-07-30 18:14:40,1877.34,1877.39,1879.15,1879.2,1877.97,1878.03
2023-07-30 18:14:51,1877.05,1877.15,1878.75,1878.8,1877.97,1878.03
2023-07-30 18:15:01,1877.07,1877.24,1878.75,1878.8,1877.97,1878.03
2023-07-30 18:15:12,1877.09,1877.26,1878.75,1878.8,1877.97,1878.03
2023-07-30 18:15:23,1877.08,1877.22,1878.75,1878.8,1877.97,1878.03
2023-07-30 18:15:33,1877.0,1877.08,1878.75,1878.8,1877.97,1878.03
2023-07-30 18:15:44,1877.01,1877.17,1878.75,1878.8,1877.97,1878.03
2023-07-30 18:15:55,1877.04,1877.19,1878.75,1878.8,1877.97,1878.03
2023-07-30 18:16:06,1877.23,1877.33,1878.75,1878.8,1877.97,1878.03
2023-07-30 18:16:16,1877.1,1877.26,1878.75,1878.8,1877.97,1878.03
2023-07-30 18:16:27,1876.91,1877.05,1878.75,1878.8,1877.97,1878.03
2023-07-30 18:16:38,1876.94,1877.09,1878.75,1878.8,1877.97,1878.03
2023-07-30 18:16:48,1876.72,1876.8,1878.75,1878.8,1877.97,1878.03
2023-07-30 18:16:59,1876.5,1876.6,1877.85,1877.9,1876.47,1876.85
2023-07-30 18:17:10,1876.47,1876.59,1877.85,1877.9,1876.47,1876.61
2023-07-30 18:17:20,1876.45,1876.54,1877.85,1877.9,1876.47,1876.53
2023-07-30 18:17:31,1876.36,1876.52,1877.85,1877.9,1876.47,1876.53
2023-07-30 18:17:42,1876.42,1876.55,1877.85,1877.9,1876.47,1876.53
2023-07-30 18:17:53,1876.73,1876.79,1877.85,1877.9,1876.47,1876.53
2023-07-30 18:18:03,1876.74,1876.88,1877.85,1877.9,1876.47,1876.53
2023-07-30 18:18:14,1876.61,1876.7,1877.85,1877.9,1876.47,1876.53
2023-07-30 18:18:25,1876.6,1876.66,1877.85,1877.9,1876.47,1876.53
2023-07-30 18:18:35,1876.54,1876.66,1877.85,1877.9,1876.47,1876.53
2023-07-30 18:18:46,1876.7,1876.85,1877.85,1877.9,1876.47,1876.53
2023-07-30 18:18:57,1876.56,1876.7,1877.85,1877.9,1876.47,1876.53
2023-07-30 18:19:07,1876.68,1876.78,1877.85,1877.9,1876.47,1876.53
2023-07-30 18:19:18,1876.7,1876.84,1877.85,1877.9,1876.47,1876.53
2023-07-30 18:19:29,1876.72,1876.88,1878.1,1878.15,1876.47,1876.53
2023-07-30 18:19:39,1876.8,1876.9,1878.1,1878.15,1876.47,1876.53
2023-07-30 18:19:50,1876.72,1876.83,1878.1,1878.15,1876.47,1876.53
2023-07-30 18:20:01,1876.7,1876.8,1878.1,1878.15,1876.47,1876.53
2023-07-30 18:20:11,1876.48,1876.58,1878.1,1878.15,1876.47,1876.53
2023-07-30 18:20:22,1876.43,1876.57,1878.1,1878.15,1876.47,1876.53
2023-07-30 18:20:33,1876.45,1876.59,1878.1,1878.15,1876.47,1876.53
2023-07-30 18:20:44,1876.52,1876.64,1878.1,1878.15,1876.47,1876.53
2023-07-30 18:20:54,1876.52,1876.63,1878.1,1878.15,1876.47,1876.53
2023-07-30 18:21:05,1876.65,1876.79,1878.1,1878.15,1876.47,1876.53
2023-07-30 18:21:16,1876.63,1876.73,1878.1,1878.15,1876.47,1876.53
2023-07-30 18:21:26,1876.63,1876.73,1878.1,1878.15,1876.47,1876.53
2023-07-30 18:21:37,1876.63,1876.68,1878.1,1878.15,1876.47,1876.53
2023-07-30 18:21:48,1876.54,1876.72,1878.1,1878.15,1876.47,1876.53
2023-07-30 18:21:58,1876.66,1876.77,1878.1,1878.15,1876.47,1876.53
2023-07-30 18:22:09,1876.61,1876.76,1878.1,1878.15,1876.47,1876.53
2023-07-30 18:22:20,1876.62,1876.73,1878.1,1878.15,1876.47,1876.53
2023-07-30 18:22:31,1876.55,1876.64,1878.1,1878.15,1876.47,1876.53
2023-07-30 18:22:41,1876.62,1876.74,1878.1,1878.15,1876.47,1876.53
2023-07-30 18:22:52,1876.63,1876.78,1878.1,1878.15,1876.47,1876.53
2023-07-30 18:23:03,1876.62,1876.76,1878.1,1878.15,1876.47,1876.53
2023-07-30 18:23:13,1876.67,1876.76,1878.1,1878.15,1876.47,1876.53
2023-07-30 18:23:24,1876.59,1876.74,1878.1,1878.15,1876.47,1876.53
2023-07-30 18:23:35,1876.62,1876.74,1878.1,1878.15,1876.47,1876.53
2023-07-30 18:23:45,1876.57,1876.71,1878.1,1878.15,1876.47,1876.53
2023-07-30 18:23:56,1876.59,1876.71,1878.1,1878.15,1876.47,1876.53
2023-07-30 18:24:07,1876.61,1876.73,1878.1,1878.15,1876.47,1876.53
2023-07-30 18:24:18,1876.57,1876.73,1878.1,1878.15,1876.47,1876.53
2023-07-30 18:24:28,1876.61,1876.71,1878.1,1878.15,1876.47,1876.53
2023-07-30 18:24:39,1876.57,1876.7,1878.1,1878.15,1876.47,1876.53
2023-07-30 18:24:50,1876.63,1876.73,1878.1,1878.15,1876.47,1876.53
2023-07-30 18:25:00,1876.61,1876.71,1878.1,1878.15,1876.47,1876.53
2023-07-30 18:25:11,1876.28,1876.38,1878.1,1878.15,1876.21,1876.35
2023-07-30 18:25:22,1876.36,1876.45,1878.1,1878.15,1876.21,1876.27
2023-07-30 18:25:32,1876.34,1876.44,1878.1,1878.15,1876.21,1876.27
2023-07-30 18:25:43,1876.34,1876.45,1878.1,1878.15,1876.21,1876.27
2023-07-30 18:25:54,1876.44,1876.51,1878.1,1878.15,1876.21,1876.27
2023-07-30 18:26:05,1876.55,1876.72,1878.1,1878.15,1876.06,1876.12
2023-07-30 18:26:15,1876.67,1876.78,1878.1,1878.15,1876.06,1876.12
2023-07-30 18:26:26,1876.53,1876.66,1878.1,1878.15,1876.06,1876.12
2023-07-30 18:26:37,1876.38,1876.51,1878.1,1878.15,1876.06,1876.12
2023-07-30 18:26:47,1876.37,1876.54,1878.1,1878.15,1876.06,1876.12
2023-07-30 18:26:58,1876.46,1876.55,1878.1,1878.15,1876.06,1876.12
2023-07-30 18:27:09,1876.45,1876.56,1878.1,1878.15,1876.06,1876.12
2023-07-30 18:27:19,1876.42,1876.55,1878.1,1878.15,1876.06,1876.12
2023-07-30 18:27:30,1876.23,1876.38,1878.1,1878.15,1876.06,1876.12
2023-07-30 18:27:41,1876.3,1876.45,1878.1,1878.15,1876.06,1876.12
2023-07-30 18:27:51,1876.3,1876.44,1878.1,1878.15,1876.06,1876.12
2023-07-30 18:28:02,1876.34,1876.47,1878.1,1878.15,1876.06,1876.12
2023-07-30 18:28:13,1876.36,1876.46,1878.1,1878.15,1876.06,1876.12
2023-07-30 18:28:24,1876.29,1876.41,1878.1,1878.15,1876.06,1876.12
2023-07-30 18:28:34,1876.17,1876.32,1878.1,1878.15,1876.06,1876.12
2023-07-30 18:28:45,1876.18,1876.34,1878.1,1878.15,1876.06,1876.12
2023-07-30 18:28:56,1876.18,1876.34,1878.1,1878.15,1876.06,1876.12
2023-07-30 18:29:06,1876.22,1876.39,1878.1,1878.15,1876.06,1876.12
2023-07-30 18:29:17,1876.28,1876.39,1878.1,1878.15,1876.06,1876.12
2023-07-30 18:29:28,1876.22,1876.32,1878.1,1878.15,1876.06,1876.12
2023-07-30 18:29:38,1876.24,1876.37,1878.1,1878.15,1876.06,1876.12
2023-07-30 18:29:49,1876.22,1876.37,1878.1,1878.15,1876.06,1876.12
2023-07-30 18:30:00,1876.24,1876.37,1878.1,1878.15,1876.06,1876.12
2023-07-30 18:30:10,1876.02,1876.17,1877.7,1877.75,1875.22,1875.62
2023-07-30 18:30:21,1876.02,1876.17,1877.7,1877.75,1875.24,1875.39
2023-07-30 18:30:32,1876.21,1876.36,1877.7,1877.75,1875.24,1875.3
2023-07-30 18:30:43,1876.24,1876.35,1877.7,1877.75,1875.24,1875.3
2023-07-30 18:30:53,1876.13,1876.29,1877.7,1877.75,1875.24,1875.3
2023-07-30 18:31:04,1876.26,1876.37,1877.7,1877.75,1875.24,1875.3
2023-07-30 18:31:15,1876.25,1876.37,1877.7,1877.75,1875.24,1875.3
2023-07-30 18:31:25,1876.25,1876.37,1877.7,1877.75,1875.24,1875.3
2023-07-30 18:31:36,1876.14,1876.29,1877.7,1877.75,1875.24,1875.3
2023-07-30 18:31:47,1876.11,1876.22,1877.7,1877.75,1875.24,1875.3
2023-07-30 18:31:57,1876.01,1876.18,1877.7,1877.75,1875.24,1875.3
2023-07-30 18:32:08,1876.08,1876.19,1877.7,1877.75,1875.24,1875.3
2023-07-30 18:32:19,1876.16,1876.27,1877.7,1877.75,1875.24,1875.3
2023-07-30 18:32:29,1876.2,1876.31,1877.7,1877.75,1875.24,1875.3
2023-07-30 18:32:40,1876.27,1876.37,1877.7,1877.75,1875.24,1875.3
2023-07-30 18:32:51,1876.3,1876.4,1877.7,1877.75,1875.24,1875.3
2023-07-30 18:33:02,1876.3,1876.39,1877.7,1877.75,1875.24,1875.3
2023-07-30 18:33:12,1876.3,1876.39,1877.7,1877.75,1875.24,1875.3
2023-07-30 18:33:23,1876.32,1876.43,1877.7,1877.75,1875.24,1875.3
2023-07-30 18:33:34,1876.3,1876.4,1877.7,1877.75,1875.24,1875.3
2023-07-30 18:33:44,1876.24,1876.4,1877.7,1877.75,1875.24,1875.3
2023-07-30 18:33:55,1876.34,1876.4,1877.7,1877.75,1875.24,1875.3
2023-07-30 18:34:06,1876.24,1876.38,1877.7,1877.75,1875.24,1875.3
2023-07-30 18:34:16,1876.31,1876.39,1877.7,1877.75,1875.24,1875.3
2023-07-30 18:34:27,1876.22,1876.37,1877.7,1877.75,1875.24,1875.3
2023-07-30 18:34:38,1876.25,1876.38,1877.7,1877.75,1875.24,1875.3
2023-07-30 18:34:48,1876.25,1876.38,1877.7,1877.75,1875.24,1875.3
2023-07-30 18:34:59,1876.23,1876.34,1877.7,1877.75,1875.24,1875.3
2023-07-30 18:35:10,1876.37,1876.47,1877.7,1877.75,1875.24,1875.3
2023-07-30 18:35:21,1876.27,1876.39,1877.7,1877.75,1875.24,1875.3
2023-07-30 18:35:31,1876.43,1876.53,1877.7,1877.75,1875.26,1875.38
2023-07-30 18:35:42,1876.36,1876.51,1877.7,1877.75,1875.38,1875.44
2023-07-30 18:35:53,1876.36,1876.51,1877.7,1877.75,1875.38,1875.44
2023-07-30 18:36:03,1876.42,1876.51,1877.7,1877.75,1875.38,1875.44
2023-07-30 18:36:14,1876.45,1876.57,1877.7,1877.75,1875.38,1875.44
2023-07-30 18:36:25,1876.39,1876.5,1877.7,1877.75,1875.38,1875.44
2023-07-30 18:36:35,1876.49,1876.6,1877.7,1877.75,1875.38,1875.44
2023-07-30 18:36:46,1876.08,1876.31,1877.7,1877.75,1875.38,1875.44
2023-07-30 18:36:57,1876.27,1876.47,1877.7,1877.75,1875.39,1875.71
2023-07-30 18:37:08,1876.21,1876.34,1877.7,1877.75,1875.39,1875.68
2023-07-30 18:37:18,1876.21,1876.36,1877.7,1877.75,1875.39,1875.52
2023-07-30 18:37:29,1876.23,1876.38,1877.7,1877.75,1875.39,1875.49
2023-07-30 18:37:40,1876.24,1876.41,1877.7,1877.75,1875.39,1875.49
2023-07-30 18:37:50,1876.39,1876.58,1877.7,1877.75,1875.47,1875.53
2023-07-30 18:38:01,1876.33,1876.45,1877.7,1877.75,1875.47,1875.53
2023-07-30 18:38:12,1876.03,1876.17,1877.7,1877.75,1875.47,1875.53
2023-07-30 18:38:22,1876.14,1876.28,1877.7,1877.75,1875.47,1875.53
2023-07-30 18:38:33,1876.18,1876.29,1877.7,1877.75,1875.47,1875.53
2023-07-30 18:38:44,1876.2,1876.36,1877.7,1877.75,1875.47,1875.53
2023-07-30 18:38:54,1876.26,1876.41,1877.7,1877.75,1875.47,1875.53
2023-07-30 18:39:05,1876.23,1876.41,1877.7,1877.75,1875.47,1875.53
2023-07-30 18:39:16,1876.35,1876.48,1877.7,1877.75,1875.47,1875.53
2023-07-30 18:39:26,1876.31,1876.44,1877.7,1877.75,1875.5,1875.72
2023-07-30 18:39:37,1876.3,1876.44,1877.7,1877.75,1875.82,1875.88
2023-07-30 18:39:48,1876.36,1876.49,1877.7,1877.75,1875.82,1875.88
2023-07-30 18:39:58,1876.41,1876.53,1877.7,1877.75,1875.82,1875.88
2023-07-30 18:40:09,1876.43,1876.53,1877.7,1877.75,1875.82,1875.88
2023-07-30 18:40:20,1876.35,1876.51,1877.7,1877.75,1875.82,1875.88
2023-07-30 18:40:31,1876.35,1876.5,1877.7,1877.75,1875.82,1875.88
2023-07-30 18:40:41,1876.35,1876.5,1877.7,1877.75,1875.82,1875.88
2023-07-30 18:40:52,1876.35,1876.5,1877.7,1877.75,1875.82,1875.88
2023-07-30 18:41:03,1876.23,1876.35,1877.7,1877.75,1875.82,1875.88
2023-07-30 18:41:13,1876.21,1876.35,1877.7,1877.75,1875.82,1875.88
2023-07-30 18:41:24,1876.21,1876.37,1877.7,1877.75,1875.82,1875.88
2023-07-30 18:41:35,1876.21,1876.36,1877.7,1877.75,1875.82,1875.88
2023-07-30 18:41:45,1876.03,1876.19,1877.7,1877.75,1875.83,1875.89
2023-07-30 18:41:56,1876.02,1876.16,1877.7,1877.75,1875.83,1875.89
2023-07-30 18:42:07,1876.07,1876.15,1877.7,1877.75,1875.83,1875.89
2023-07-30 18:42:18,1876.13,1876.29,1877.7,1877.75,1875.83,1875.89
2023-07-30 18:42:28,1876.13,1876.28,1877.7,1877.75,1875.83,1875.89
2023-07-30 18:42:39,1876.2,1876.37,1877.7,1877.75,1875.83,1875.89
2023-07-30 18:42:50,1876.15,1876.23,1877.7,1877.75,1875.83,1875.89
2023-07-30 18:43:00,1876.16,1876.28,1877.7,1877.75,1875.83,1875.89
2023-07-30 18:43:11,1876.13,1876.28,1877.7,1877.75,1875.83,1875.89
2023-07-30 18:43:22,1876.09,1876.2,1877.7,1877.75,1875.83,1875.89
2023-07-30 18:43:32,1876.12,1876.23,1877.7,1877.75,1875.83,1875.89
2023-07-30 18:43:43,1876.03,1876.19,1877.7,1877.75,1875.83,1875.89
2023-07-30 18:43:54,1876.05,1876.19,1877.7,1877.75,1875.83,1875.89
2023-07-30 18:44:04,1876.05,1876.19,1877.7,1877.75,1875.83,1875.89
2023-07-30 18:44:15,1876.11,1876.19,1877.7,1877.75,1875.83,1875.89
2023-07-30 18:44:26,1876.13,1876.23,1877.7,1877.75,1875.83,1875.89
2023-07-30 18:44:37,1876.18,1876.27,1877.7,1877.75,1875.83,1875.89
2023-07-30 18:44:47,1876.14,1876.25,1877.7,1877.75,1875.83,1875.89
2023-07-30 18:44:58,1876.15,1876.19,1877.7,1877.75,1875.83,1875.89
2023-07-30 18:45:09,1876.07,1876.19,1877.7,1877.75,1875.83,1875.89
2023-07-30 18:45:19,1876.09,1876.24,1877.7,1877.75,1875.83,1875.89
2023-07-30 18:45:30,1875.99,1876.09,1877.7,1877.75,1875.83,1875.89
2023-07-30 18:45:41,1876.07,1876.24,1877.7,1877.75,1875.83,1875.89
2023-07-30 18:45:51,1876.11,1876.25,1877.7,1877.75,1875.83,1875.89
2023-07-30 18:46:02,1876.14,1876.28,1877.7,1877.75,1875.83,1875.89
2023-07-30 18:46:13,1876.22,1876.28,1877.7,1877.75,1875.83,1875.89
2023-07-30 18:46:23,1876.1,1876.22,1877.7,1877.75,1875.83,1875.89
2023-07-30 18:46:34,1876.0,1876.14,1877.7,1877.75,1875.83,1875.89
2023-07-30 18:46:45,1876.01,1876.13,1877.7,1877.75,1875.83,1875.89
2023-07-30 18:46:56,1876.01,1876.12,1877.7,1877.75,1875.83,1875.89
2023-07-30 18:47:06,1876.0,1876.12,1877.7,1877.75,1875.83,1875.89
2023-07-30 18:47:17,1876.04,1876.15,1877.7,1877.75,1875.83,1875.89
2023-07-30 18:47:28,1876.03,1876.13,1877.7,1877.75,1875.83,1875.89
2023-07-30 18:47:38,1876.06,1876.17,1877.7,1877.75,1875.83,1875.89
2023-07-30 18:47:49,1876.1,1876.19,1877.7,1877.75,1875.83,1875.89
2023-07-30 18:48:00,1876.23,1876.31,1877.7,1877.75,1875.83,1875.89
2023-07-30 18:48:11,1876.31,1876.42,1877.7,1877.75,1875.83,1875.89
2023-07-30 18:48:21,1876.28,1876.4,1877.7,1877.75,1875.83,1875.89
2023-07-30 18:48:32,1876.22,1876.37,1877.7,1877.75,1875.83,1875.89
2023-07-30 18:48:43,1876.25,1876.37,1877.7,1877.75,1875.83,1875.89
2023-07-30 18:48:53,1876.25,1876.39,1877.7,1877.75,1875.83,1875.89
2023-07-30 18:49:04,1876.23,1876.36,1877.7,1877.75,1875.83,1875.89
2023-07-30 18:49:15,1876.21,1876.32,1877.7,1877.75,1875.96,1876.02
2023-07-30 18:49:25,1876.12,1876.27,1877.7,1877.75,1875.96,1876.02
2023-07-30 18:49:36,1876.11,1876.2,1877.7,1877.75,1875.96,1876.02
2023-07-30 18:49:47,1875.91,1876.08,1877.7,1877.75,1875.96,1876.02
2023-07-30 18:49:58,1875.87,1875.99,1877.7,1877.75,1875.96,1876.02
2023-07-30 18:50:08,1875.94,1876.1,1877.7,1877.75,1875.96,1876.02
2023-07-30 18:50:19,1875.91,1876.03,1877.7,1877.75,1875.96,1876.02
2023-07-30 18:50:30,1875.91,1876.01,1877.7,1877.75,1875.96,1876.02
2023-07-30 18:50:40,1875.91,1876.05,1877.7,1877.75,1875.96,1876.02
2023-07-30 18:50:51,1875.97,1876.08,1877.7,1877.75,1875.96,1876.02
2023-07-30 18:51:02,1876.05,1876.19,1877.7,1877.75,1875.96,1876.02
2023-07-30 18:51:13,1876.01,1876.16,1877.7,1877.75,1875.96,1876.02
2023-07-30 18:51:23,1876.06,1876.18,1877.7,1877.75,1875.96,1876.02
2023-07-30 18:51:34,1875.81,1875.92,1877.55,1877.6,1875.96,1876.02
2023-07-30 18:51:45,1875.84,1875.99,1877.55,1877.6,1875.96,1876.02
2023-07-30 18:51:55,1875.75,1876.0,1877.35,1877.4,1875.96,1876.02
2023-07-30 18:52:06,1875.76,1875.92,1877.35,1877.4,1875.96,1876.02
2023-07-30 18:52:17,1875.76,1875.93,1877.35,1877.4,1875.96,1876.02
2023-07-30 18:52:27,1875.74,1875.9,1877.35,1877.4,1875.96,1876.02
2023-07-30 18:52:38,1875.74,1875.88,1877.35,1877.4,1875.96,1876.02
2023-07-30 18:52:49,1875.74,1875.88,1877.35,1877.4,1875.96,1876.02
2023-07-30 18:53:00,1875.68,1875.87,1877.35,1877.4,1875.96,1876.02
2023-07-30 18:53:10,1875.88,1876.01,1877.35,1877.4,1875.96,1876.02
2023-07-30 18:53:21,1875.83,1875.95,1877.35,1877.4,1875.96,1876.02
2023-07-30 18:53:32,1875.86,1875.96,1877.35,1877.4,1875.96,1876.02
2023-07-30 18:53:42,1875.85,1875.96,1877.35,1877.4,1875.96,1876.02
2023-07-30 18:53:53,1875.71,1875.85,1877.35,1877.4,1875.96,1876.02
2023-07-30 18:54:04,1875.63,1875.76,1877.35,1877.4,1875.96,1876.02
2023-07-30 18:54:14,1875.8,1875.84,1877.35,1877.4,1875.96,1876.02
2023-07-30 18:54:25,1875.71,1875.89,1877.35,1877.4,1875.96,1876.02
2023-07-30 18:54:36,1875.71,1875.89,1877.35,1877.4,1875.96,1876.02
2023-07-30 18:54:46,1875.78,1875.9,1877.35,1877.4,1875.96,1876.02
2023-07-30 18:54:57,1876.05,1876.18,1877.35,1877.4,1875.96,1876.02
2023-07-30 18:55:08,1876.15,1876.22,1877.35,1877.4,1875.96,1876.02
2023-07-30 18:55:19,1876.12,1876.29,1877.35,1877.4,1875.96,1876.02
2023-07-30 18:55:29,1876.05,1876.19,1877.35,1877.4,1875.96,1876.02
2023-07-30 18:55:40,1875.99,1876.11,1877.35,1877.4,1875.96,1876.02
2023-07-30 18:55:51,1875.93,1876.04,1877.35,1877.4,1875.96,1876.02
2023-07-30 18:56:01,1876.06,1876.28,1877.35,1877.4,1875.96,1876.02
2023-07-30 18:56:12,1876.05,1876.22,1877.35,1877.4,1875.96,1876.02
2023-07-30 18:56:23,1876.86,1876.96,1877.7,1877.75,1875.98,1876.3
2023-07-30 18:56:33,1876.77,1876.89,1877.7,1877.75,1875.99,1876.3
2023-07-30 18:56:44,1876.8,1876.94,1877.7,1877.75,1876.24,1876.3
2023-07-30 18:56:55,1876.77,1876.94,1877.7,1877.75,1876.24,1876.3
2023-07-30 18:57:05,1876.76,1876.88,1877.7,1877.75,1876.24,1876.3
2023-07-30 18:57:16,1876.76,1876.9,1877.7,1877.75,1876.24,1876.3
2023-07-30 18:57:27,1876.76,1876.82,1877.7,1877.75,1876.24,1876.3
2023-07-30 18:57:38,1877.22,1877.34,1878.3,1878.35,1876.64,1876.7
2023-07-30 18:57:48,1877.4,1877.5,1878.3,1878.35,1876.64,1876.7
2023-07-30 18:57:59,1877.36,1877.53,1878.3,1878.35,1876.64,1876.7
2023-07-30 18:58:10,1877.23,1877.39,1878.3,1878.35,1876.64,1876.7
2023-07-30 18:58:20,1877.26,1877.43,1878.25,1878.3,1876.64,1876.7
2023-07-30 18:58:31,1877.17,1877.29,1878.25,1878.3,1876.64,1876.7
2023-07-30 18:58:42,1877.12,1877.27,1878.2,1878.25,1876.64,1876.7
2023-07-30 18:58:52,1877.26,1877.38,1878.2,1878.25,1876.64,1876.7
2023-07-30 18:59:03,1877.14,1877.25,1878.2,1878.25,1876.64,1876.7
2023-07-30 18:59:14,1877.13,1877.15,1878.2,1878.25,1876.64,1876.7
2023-07-30 18:59:25,1877.08,1877.24,1878.2,1878.25,1876.64,1876.7
2023-07-30 18:59:35,1877.08,1877.2,1878.2,1878.25,1876.64,1876.7
2023-07-30 18:59:46,1877.21,1877.34,1878.2,1878.25,1876.64,1876.7
2023-07-30 18:59:57,1877.21,1877.26,1878.2,1878.25,1876.64,1876.7
2023-07-30 19:00:07,1877.21,1877.36,1878.2,1878.25,1876.64,1876.7
2023-07-30 19:00:18,1877.29,1877.4,1878.2,1878.25,1876.64,1876.7
2023-07-30 19:00:29,1877.25,1877.39,1878.2,1878.25,1876.64,1876.7
2023-07-30 19:00:39,1877.29,1877.4,1878.2,1878.25,1876.64,1876.7
2023-07-30 19:00:50,1877.26,1877.4,1878.2,1878.25,1876.64,1876.7
2023-07-30 19:01:01,1877.29,1877.4,1878.2,1878.25,1876.64,1876.7
2023-07-30 19:01:11,1877.29,1877.41,1878.2,1878.25,1876.64,1876.7
2023-07-30 19:01:22,1877.34,1877.51,1878.3,1878.35,1876.64,1876.7
2023-07-30 19:01:33,1877.49,1877.61,1878.65,1878.7,1876.98,1877.04
2023-07-30 19:01:44,1877.46,1877.63,1878.65,1878.7,1876.98,1877.04
2023-07-30 19:01:54,1877.45,1877.57,1878.65,1878.7,1876.98,1877.04
2023-07-30 19:02:05,1877.51,1877.52,1878.65,1878.7,1876.98,1877.04
2023-07-30 19:02:16,1877.32,1877.39,1878.65,1878.7,1876.98,1877.04
2023-07-30 19:02:26,1877.31,1877.45,1878.65,1878.7,1876.98,1877.04
2023-07-30 19:02:37,1877.43,1877.56,1878.65,1878.7,1876.98,1877.04
2023-07-30 19:02:48,1877.45,1877.56,1878.65,1878.7,1876.98,1877.04
2023-07-30 19:02:58,1877.28,1877.47,1878.65,1878.7,1876.98,1877.04
2023-07-30 19:03:09,1877.36,1877.5,1878.65,1878.7,1876.98,1877.04
2023-07-30 19:03:20,1877.34,1877.51,1878.65,1878.7,1876.98,1877.04
2023-07-30 19:03:31,1877.42,1877.53,1878.65,1878.7,1876.98,1877.04
2023-07-30 19:03:41,1877.33,1877.46,1878.65,1878.7,1876.98,1877.04
2023-07-30 19:03:52,1877.38,1877.49,1878.65,1878.7,1876.98,1877.04
2023-07-30 19:04:03,1877.35,1877.5,1878.65,1878.7,1876.98,1877.04
2023-07-30 19:04:13,1877.31,1877.44,1878.65,1878.7,1876.98,1877.04
2023-07-30 19:04:24,1877.31,1877.4,1878.65,1878.7,1876.98,1877.04
2023-07-30 19:04:35,1877.28,1877.39,1878.65,1878.7,1876.98,1877.04
2023-07-30 19:04:45,1877.3,1877.39,1878.65,1878.7,1876.98,1877.04
2023-07-30 19:04:56,1877.3,1877.41,1878.65,1878.7,1876.98,1877.04
2023-07-30 19:05:07,1877.29,1877.46,1878.65,1878.7,1876.98,1877.04
2023-07-30 19:05:17,1877.61,1877.67,1878.65,1878.7,1876.98,1877.04
2023-07-30 19:05:28,1877.68,1877.78,1878.65,1878.7,1876.98,1877.04
2023-07-30 19:05:39,1877.45,1877.59,1878.65,1878.7,1876.98,1877.04
2023-07-30 19:05:49,1877.46,1877.63,1878.65,1878.7,1876.98,1877.04
2023-07-30 19:06:00,1877.54,1877.71,1878.65,1878.7,1876.98,1877.04
2023-07-30 19:06:11,1877.81,1877.89,1878.65,1878.7,1877.19,1877.25
2023-07-30 19:06:22,1877.94,1878.1,1879.0,1879.05,1877.19,1877.25
2023-07-30 19:06:32,1877.49,1877.62,1879.0,1879.05,1877.19,1877.25
2023-07-30 19:06:43,1877.56,1877.72,1879.0,1879.05,1877.19,1877.25
2023-07-30 19:06:54,1877.55,1877.7,1879.0,1879.05,1877.19,1877.25
2023-07-30 19:07:04,1877.71,1877.78,1879.0,1879.05,1877.19,1877.25
2023-07-30 19:07:15,1877.64,1877.78,1879.0,1879.05,1877.19,1877.25
2023-07-30 19:07:26,1877.64,1877.8,1879.0,1879.05,1877.19,1877.25
2023-07-30 19:07:36,1877.73,1877.89,1879.0,1879.05,1877.19,1877.25
2023-07-30 19:07:47,1877.63,1877.76,1879.0,1879.05,1877.19,1877.25
2023-07-30 19:07:58,1877.71,1877.82,1879.0,1879.05,1877.19,1877.25
2023-07-30 19:08:09,1877.63,1877.79,1879.0,1879.05,1877.19,1877.25
2023-07-30 19:08:19,1877.74,1877.87,1879.0,1879.05,1877.19,1877.25
2023-07-30 19:08:30,1877.72,1877.87,1879.0,1879.05,1877.19,1877.25
2023-07-30 19:08:41,1877.7,1877.81,1879.0,1879.05,1877.19,1877.25
2023-07-30 19:08:51,1877.61,1877.75,1879.0,1879.05,1877.19,1877.25
2023-07-30 19:09:02,1877.62,1877.78,1879.0,1879.05,1877.19,1877.25
2023-07-30 19:09:13,1877.61,1877.78,1879.0,1879.05,1877.19,1877.25
2023-07-30 19:09:23,1877.6,1877.69,1879.0,1879.05,1877.19,1877.25
2023-07-30 19:09:34,1877.61,1877.79,1879.0,1879.05,1877.19,1877.25
2023-07-30 19:09:45,1877.61,1877.79,1879.0,1879.05,1877.19,1877.25
2023-07-30 19:09:56,1877.71,1877.84,1879.0,1879.05,1877.19,1877.25
2023-07-30 19:10:06,1877.87,1877.99,1879.0,1879.05,1877.19,1877.25
2023-07-30 19:10:17,1877.87,1877.99,1879.0,1879.05,1877.19,1877.25
2023-07-30 19:10:28,1877.67,1877.79,1879.0,1879.05,1877.65,1877.76
2023-07-30 19:10:38,1877.75,1877.84,1879.0,1879.05,1877.63,1877.69
2023-07-30 19:10:49,1877.74,1877.87,1879.0,1879.05,1877.63,1877.69
2023-07-30 19:11:00,1877.74,1877.88,1879.0,1879.05,1877.63,1877.69
2023-07-30 19:11:11,1877.96,1878.08,1879.0,1879.05,1877.63,1877.69
2023-07-30 19:11:21,1877.96,1878.09,1879.0,1879.05,1877.63,1877.69
2023-07-30 19:11:32,1877.71,1877.83,1879.0,1879.05,1877.63,1877.78
2023-07-30 19:11:43,1877.69,1877.8,1879.0,1879.05,1877.63,1877.75
2023-07-30 19:11:53,1877.75,1877.9,1879.0,1879.05,1877.67,1877.73
2023-07-30 19:12:04,1877.74,1877.9,1879.0,1879.05,1877.67,1877.73
2023-07-30 19:12:15,1877.72,1877.89,1879.0,1879.05,1877.67,1877.73
2023-07-30 19:12:25,1877.85,1877.94,1879.0,1879.05,1877.67,1877.73
2023-07-30 19:12:36,1877.72,1877.87,1879.0,1879.05,1877.67,1877.73
2023-07-30 19:12:47,1877.85,1877.95,1879.0,1879.05,1877.67,1877.73
2023-07-30 19:12:58,1877.63,1877.78,1879.0,1879.05,1877.67,1877.73
2023-07-30 19:13:08,1877.68,1877.8,1879.0,1879.05,1877.67,1877.73
2023-07-30 19:13:19,1877.94,1878.07,1879.0,1879.05,1877.74,1877.8
2023-07-30 19:13:30,1877.94,1878.09,1879.0,1879.05,1877.74,1877.8
2023-07-30 19:13:40,1877.86,1877.97,1879.0,1879.05,1877.74,1877.8
2023-07-30 19:13:51,1877.86,1877.98,1879.0,1879.05,1877.74,1877.8
2023-07-30 19:14:02,1877.91,1878.05,1879.0,1879.05,1877.74,1877.8
2023-07-30 19:14:12,1877.81,1877.89,1879.0,1879.05,1877.74,1877.8
2023-07-30 19:14:23,1878.07,1878.18,1879.0,1879.05,1877.74,1877.8
2023-07-30 19:14:34,1878.13,1878.24,1879.15,1879.2,1877.74,1877.8
2023-07-30 19:14:44,1878.21,1878.32,1879.15,1879.2,1877.74,1877.8
2023-07-30 19:14:55,1877.91,1878.06,1879.15,1879.2,1877.74,1877.8
2023-07-30 19:15:06,1877.82,1877.94,1879.15,1879.2,1877.74,1877.8
2023-07-30 19:15:16,1877.96,1878.06,1879.15,1879.2,1877.74,1877.8
2023-07-30 19:15:27,1877.83,1877.94,1879.15,1879.2,1877.74,1877.8
2023-07-30 19:15:38,1877.83,1877.96,1879.15,1879.2,1877.74,1877.8
2023-07-30 19:15:49,1877.82,1877.93,1879.15,1879.2,1877.74,1877.8
2023-07-30 19:15:59,1877.9,1878.06,1879.15,1879.2,1877.74,1877.8
2023-07-30 19:16:10,1877.9,1878.06,1879.15,1879.2,1877.74,1877.8
2023-07-30 19:16:21,1877.9,1878.04,1879.15,1879.2,1877.74,1877.8
2023-07-30 19:16:31,1877.9,1878.04,1879.15,1879.2,1877.74,1877.8
2023-07-30 19:16:42,1877.93,1878.05,1879.15,1879.2,1877.74,1877.8
2023-07-30 19:16:53,1877.94,1878.04,1879.15,1879.2,1877.74,1877.8
2023-07-30 19:17:04,1877.85,1877.98,1879.15,1879.2,1877.74,1877.8
2023-07-30 19:17:14,1877.85,1877.97,1879.15,1879.2,1877.74,1877.8
2023-07-30 19:17:25,1877.81,1877.93,1879.15,1879.2,1877.74,1877.8
2023-07-30 19:17:36,1877.81,1877.91,1879.15,1879.2,1877.74,1877.8
2023-07-30 19:17:46,1877.86,1877.98,1879.15,1879.2,1877.74,1877.8
2023-07-30 19:17:57,1877.83,1877.98,1879.15,1879.2,1877.74,1877.8
2023-07-30 19:18:08,1877.86,1877.96,1879.15,1879.2,1877.74,1877.8
2023-07-30 19:18:18,1878.01,1878.12,1879.15,1879.2,1877.74,1877.8
2023-07-30 19:18:29,1878.26,1878.39,1879.2,1879.25,1877.74,1877.8
2023-07-30 19:18:40,1878.28,1878.43,1879.3,1879.35,1877.74,1877.8
2023-07-30 19:18:50,1878.32,1878.49,1879.35,1879.4,1877.74,1877.8
2023-07-30 19:19:01,1878.23,1878.39,1879.35,1879.4,1877.74,1877.8
2023-07-30 19:19:12,1878.25,1878.38,1879.35,1879.4,1877.74,1877.8
2023-07-30 19:19:23,1878.01,1878.12,1879.35,1879.4,1877.74,1877.8
2023-07-30 19:19:33,1878.13,1878.28,1879.35,1879.4,1877.74,1877.8
2023-07-30 19:19:44,1877.92,1878.09,1879.35,1879.4,1877.74,1877.8
2023-07-30 19:19:55,1877.99,1878.13,1879.35,1879.4,1877.74,1877.8
2023-07-30 19:20:05,1878.05,1878.17,1879.35,1879.4,1877.74,1877.8
2023-07-30 19:20:16,1878.09,1878.24,1879.35,1879.4,1877.74,1877.8
2023-07-30 19:20:27,1878.09,1878.24,1879.35,1879.4,1877.74,1877.8
2023-07-30 19:20:37,1878.09,1878.24,1879.35,1879.4,1877.74,1877.8
2023-07-30 19:20:48,1878.15,1878.3,1879.35,1879.4,1877.74,1877.8
2023-07-30 19:20:59,1878.28,1878.39,1879.4,1879.45,1877.74,1877.8
2023-07-30 19:21:09,1878.31,1878.48,1879.45,1879.5,1877.74,1877.8
2023-07-30 19:21:20,1878.35,1878.5,1879.45,1879.5,1877.74,1877.8
2023-07-30 19:21:31,1878.07,1878.19,1879.45,1879.5,1877.74,1877.75
2023-07-30 19:21:42,1877.9,1878.01,1879.45,1879.5,1877.74,1877.75
2023-07-30 19:21:52,1877.65,1877.76,1879.45,1879.5,1877.74,1877.75
2023-07-30 19:22:03,1877.73,1877.87,1879.45,1879.5,1877.74,1877.75
2023-07-30 19:22:14,1877.94,1878.05,1879.45,1879.5,1877.74,1877.8
2023-07-30 19:22:24,1877.94,1878.07,1879.45,1879.5,1877.74,1877.8
2023-07-30 19:22:35,1878.07,1878.19,1879.45,1879.5,1877.74,1877.8
2023-07-30 19:22:46,1878.01,1878.17,1879.45,1879.5,1877.74,1877.8
2023-07-30 19:22:56,1878.08,1878.2,1879.45,1879.5,1877.74,1877.8
2023-07-30 19:23:07,1878.01,1878.13,1879.45,1879.5,1877.74,1877.8
2023-07-30 19:23:18,1878.33,1878.42,1879.35,1879.4,1877.74,1877.8
2023-07-30 19:23:28,1878.49,1878.6,1879.35,1879.4,1877.74,1877.8
2023-07-30 19:23:39,1878.46,1878.59,1879.35,1879.4,1877.74,1877.8
2023-07-30 19:23:50,1878.38,1878.53,1879.4,1879.45,1877.74,1877.8
2023-07-30 19:24:00,1878.38,1878.53,1879.4,1879.45,1877.74,1877.8
2023-07-30 19:24:11,1878.29,1878.39,1879.4,1879.45,1877.74,1877.8
2023-07-30 19:24:22,1878.3,1878.42,1879.4,1879.45,1877.74,1877.8
2023-07-30 19:24:33,1878.33,1878.5,1879.4,1879.45,1877.74,1877.8
2023-07-30 19:24:43,1878.33,1878.5,1879.4,1879.45,1877.74,1877.8
2023-07-30 19:24:54,1878.41,1878.55,1879.4,1879.45,1877.74,1877.8
2023-07-30 19:25:05,1878.26,1878.38,1879.4,1879.45,1877.74,1877.8
2023-07-30 19:25:15,1878.3,1878.44,1879.4,1879.45,1877.74,1877.8
2023-07-30 19:25:26,1878.27,1878.43,1879.4,1879.45,1877.74,1877.8
2023-07-30 19:25:37,1878.34,1878.5,1879.4,1879.45,1877.74,1877.8
2023-07-30 19:25:47,1878.34,1878.47,1879.4,1879.45,1877.74,1877.8
2023-07-30 19:25:58,1878.36,1878.48,1879.4,1879.45,1877.74,1877.8
2023-07-30 19:26:09,1878.2,1878.32,1879.4,1879.45,1877.74,1877.8
2023-07-30 19:26:20,1878.49,1878.59,1879.4,1879.45,1877.74,1877.8
2023-07-30 19:26:30,1878.51,1878.6,1879.4,1879.45,1877.74,1877.8
2023-07-30 19:26:41,1878.48,1878.58,1879.4,1879.45,1877.74,1877.8
2023-07-30 19:26:52,1878.47,1878.58,1879.4,1879.45,1877.74,1877.8
2023-07-30 19:27:02,1878.48,1878.59,1879.4,1879.45,1877.74,1877.8
2023-07-30 19:27:13,1878.48,1878.51,1879.4,1879.45,1877.74,1877.8
2023-07-30 19:27:24,1878.39,1878.51,1879.4,1879.45,1877.74,1877.8
2023-07-30 19:27:34,1878.45,1878.57,1879.4,1879.45,1877.74,1877.8
2023-07-30 19:27:45,1878.45,1878.58,1879.4,1879.45,1877.74,1877.8
2023-07-30 19:27:56,1878.63,1878.74,1879.4,1879.45,1877.74,1877.8
2023-07-30 19:28:06,1878.55,1878.67,1879.4,1879.45,1877.74,1877.8
2023-07-30 19:28:17,1878.41,1878.55,1879.4,1879.45,1877.74,1877.8
2023-07-30 19:28:28,1878.47,1878.59,1879.4,1879.45,1877.74,1877.8
2023-07-30 19:28:39,1878.35,1878.42,1879.4,1879.45,1877.74,1877.8
2023-07-30 19:28:49,1878.28,1878.53,1879.4,1879.45,1877.74,1877.8
2023-07-30 19:29:00,1878.42,1878.55,1879.4,1879.45,1877.74,1877.8
2023-07-30 19:29:11,1878.44,1878.54,1879.4,1879.45,1877.74,1877.8
2023-07-30 19:29:21,1878.4,1878.54,1879.4,1879.45,1877.74,1877.8
2023-07-30 19:29:32,1878.5,1878.59,1879.4,1879.45,1877.74,1877.8
2023-07-30 19:29:43,1879.02,1879.14,1879.85,1879.9,1877.97,1878.03
2023-07-30 19:29:53,1878.91,1879.06,1879.95,1880.0,1877.97,1878.03
2023-07-30 19:30:04,1878.73,1878.8,1879.95,1880.0,1877.97,1878.03
2023-07-30 19:30:15,1878.83,1878.98,1879.95,1880.0,1877.97,1878.03
2023-07-30 19:30:25,1878.76,1878.87,1879.95,1880.0,1877.97,1878.03
2023-07-30 19:30:36,1878.76,1878.87,1879.95,1880.0,1877.97,1878.03
2023-07-30 19:30:47,1878.81,1878.94,1879.95,1880.0,1877.97,1878.03
2023-07-30 19:30:57,1878.76,1878.82,1879.95,1880.0,1877.97,1878.03
2023-07-30 19:31:08,1878.64,1878.74,1879.95,1880.0,1877.97,1878.03
2023-07-30 19:31:19,1878.63,1878.75,1879.95,1880.0,1877.97,1878.03
2023-07-30 19:31:30,1878.42,1878.54,1879.95,1880.0,1877.97,1878.03
2023-07-30 19:31:40,1878.46,1878.59,1879.95,1880.0,1877.97,1878.03
2023-07-30 19:31:51,1878.38,1878.5,1879.95,1880.0,1877.97,1878.03
2023-07-30 19:32:02,1878.35,1878.45,1879.95,1880.0,1877.97,1878.03
2023-07-30 19:32:12,1878.41,1878.48,1879.95,1880.0,1877.97,1878.03
2023-07-30 19:32:23,1878.21,1878.35,1879.95,1880.0,1877.97,1878.03
2023-07-30 19:32:34,1877.94,1878.04,1879.4,1879.45,1877.97,1878.03
2023-07-30 19:32:44,1878.0,1878.14,1879.4,1879.45,1877.97,1878.03
2023-07-30 19:32:55,1877.62,1877.74,1879.4,1879.45,1877.97,1878.03
2023-07-30 19:33:06,1877.38,1877.49,1878.9,1878.95,1877.86,1877.92
2023-07-30 19:33:17,1877.46,1877.55,1878.9,1878.95,1877.86,1877.92
2023-07-30 19:33:27,1877.72,1877.83,1878.9,1878.95,1877.97,1878.03
2023-07-30 19:33:38,1877.82,1877.92,1878.9,1878.95,1877.97,1878.03
2023-07-30 19:33:49,1877.94,1878.1,1878.9,1878.95,1877.97,1878.03
2023-07-30 19:33:59,1877.94,1878.11,1878.9,1878.95,1877.97,1878.03
2023-07-30 19:34:10,1877.97,1878.11,1878.9,1878.95,1877.97,1878.03
2023-07-30 19:34:21,1877.93,1878.11,1878.9,1878.95,1877.97,1878.03
2023-07-30 19:34:31,1877.95,1878.11,1878.9,1878.95,1877.97,1878.03
2023-07-30 19:34:42,1878.09,1878.19,1878.9,1878.95,1877.97,1878.03
2023-07-30 19:34:53,1877.82,1877.99,1878.9,1878.95,1877.97,1878.03
2023-07-30 19:35:04,1877.82,1877.92,1878.9,1878.95,1877.97,1878.03
2023-07-30 19:35:14,1877.82,1877.98,1878.9,1878.95,1877.97,1878.03
2023-07-30 19:35:25,1877.82,1877.98,1878.9,1878.95,1877.97,1878.03
2023-07-30 19:35:36,1877.84,1877.98,1878.9,1878.95,1877.97,1878.03
2023-07-30 19:35:46,1877.82,1877.99,1878.9,1878.95,1877.97,1878.03
2023-07-30 19:35:57,1877.82,1877.98,1878.9,1878.95,1877.97,1878.03
2023-07-30 19:36:08,1877.67,1877.81,1878.9,1878.95,1877.97,1878.03
2023-07-30 19:36:18,1877.95,1878.07,1878.9,1878.95,1877.97,1878.03
2023-07-30 19:36:29,1877.93,1878.06,1878.9,1878.95,1877.97,1878.03
2023-07-30 19:36:40,1878.05,1878.2,1879.05,1879.1,1877.97,1878.03
2023-07-30 19:36:50,1877.96,1878.07,1879.05,1879.1,1877.97,1878.03
2023-07-30 19:37:01,1877.98,1878.1,1879.05,1879.1,1877.97,1878.03
2023-07-30 19:37:12,1877.98,1878.11,1879.05,1879.1,1877.97,1878.03
2023-07-30 19:37:23,1878.06,1878.15,1879.05,1879.1,1877.97,1878.03
2023-07-30 19:37:33,1878.01,1878.15,1879.05,1879.1,1877.97,1878.03
2023-07-30 19:37:44,1878.01,1878.15,1879.05,1879.1,1877.97,1878.03
2023-07-30 19:37:55,1877.95,1878.12,1879.05,1879.1,1877.97,1878.03
2023-07-30 19:38:05,1877.95,1878.09,1879.05,1879.1,1877.97,1878.03
2023-07-30 19:38:16,1877.95,1878.09,1879.05,1879.1,1877.97,1878.03
2023-07-30 19:38:27,1877.95,1878.13,1879.05,1879.1,1877.97,1878.03
2023-07-30 19:38:37,1877.87,1877.98,1879.05,1879.1,1877.97,1878.03
2023-07-30 19:38:48,1877.92,1878.02,1879.05,1879.1,1877.97,1878.03
2023-07-30 19:38:59,1877.88,1877.99,1879.05,1879.1,1877.97,1878.03
2023-07-30 19:39:09,1877.57,1877.65,1879.05,1879.1,1877.97,1878.03
2023-07-30 19:39:20,1877.41,1877.53,1879.05,1879.1,1877.97,1878.03
2023-07-30 19:39:31,1877.21,1877.31,1878.8,1878.85,1877.84,1877.9
2023-07-30 19:39:41,1877.08,1877.22,1878.8,1878.85,1877.76,1877.82
2023-07-30 19:39:52,1876.94,1877.1,1878.8,1878.85,1877.63,1877.69
2023-07-30 19:40:03,1876.88,1876.98,1878.8,1878.85,1876.81,1877.02
2023-07-30 19:40:14,1877.12,1877.23,1878.8,1878.85,1876.66,1876.87
2023-07-30 19:40:24,1877.13,1877.26,1878.8,1878.85,1876.66,1876.87
2023-07-30 19:40:35,1877.15,1877.28,1878.8,1878.85,1876.81,1876.87
2023-07-30 19:40:46,1877.08,1877.18,1878.8,1878.85,1876.81,1876.87
2023-07-30 19:40:56,1876.65,1876.79,1878.35,1878.4,1876.81,1876.87
2023-07-30 19:41:07,1876.63,1876.74,1878.35,1878.4,1876.81,1876.87
2023-07-30 19:41:18,1876.86,1876.99,1878.35,1878.4,1876.81,1876.87
2023-07-30 19:41:28,1876.99,1877.11,1878.35,1878.4,1876.81,1876.87
2023-07-30 19:41:39,1877.03,1877.13,1878.35,1878.4,1876.81,1876.87
2023-07-30 19:41:50,1877.09,1877.22,1878.35,1878.4,1876.81,1876.87
2023-07-30 19:42:01,1877.33,1877.46,1878.35,1878.4,1876.81,1876.87
2023-07-30 19:42:11,1877.48,1877.59,1878.45,1878.5,1876.84,1876.9
2023-07-30 19:42:22,1877.4,1877.5,1878.45,1878.5,1876.84,1876.9
2023-07-30 19:42:33,1877.39,1877.51,1878.45,1878.5,1876.84,1876.9
2023-07-30 19:42:43,1877.45,1877.54,1878.45,1878.5,1876.84,1876.9
2023-07-30 19:42:54,1877.38,1877.45,1878.45,1878.5,1876.84,1876.9
2023-07-30 19:43:05,1877.38,1877.54,1878.45,1878.5,1876.84,1876.9
2023-07-30 19:43:15,1877.41,1877.51,1878.45,1878.5,1876.84,1876.9
2023-07-30 19:43:26,1877.3,1877.39,1878.45,1878.5,1876.84,1876.9
2023-07-30 19:43:37,1877.28,1877.43,1878.45,1878.5,1876.84,1876.9
2023-07-30 19:43:47,1877.28,1877.39,1878.45,1878.5,1876.84,1876.9
2023-07-30 19:43:58,1877.28,1877.37,1878.45,1878.5,1876.84,1876.9
2023-07-30 19:44:09,1877.42,1877.52,1878.45,1878.5,1876.84,1876.9
2023-07-30 19:44:19,1877.51,1877.63,1878.45,1878.5,1876.84,1876.9
2023-07-30 19:44:30,1877.48,1877.58,1878.45,1878.5,1876.84,1876.9
2023-07-30 19:44:41,1877.63,1877.73,1878.45,1878.5,1876.84,1876.9
2023-07-30 19:44:51,1877.63,1877.76,1878.45,1878.5,1876.84,1876.9
2023-07-30 19:45:02,1877.63,1877.76,1878.45,1878.5,1876.84,1876.9
2023-07-30 19:45:13,1877.69,1877.79,1878.45,1878.5,1876.84,1876.9
2023-07-30 19:45:23,1877.61,1877.75,1878.45,1878.5,1876.84,1876.9
2023-07-30 19:45:34,1877.45,1877.61,1878.45,1878.5,1876.84,1876.9
2023-07-30 19:45:45,1877.61,1877.72,1878.45,1878.5,1876.84,1876.9
2023-07-30 19:45:56,1877.61,1877.74,1878.45,1878.5,1876.84,1876.9
2023-07-30 19:46:06,1877.61,1877.68,1878.45,1878.5,1876.84,1876.9
2023-07-30 19:46:17,1877.62,1877.76,1878.45,1878.5,1876.84,1876.9
2023-07-30 19:46:28,1877.62,1877.76,1878.45,1878.5,1876.84,1876.9
2023-07-30 19:46:38,1877.64,1877.78,1878.45,1878.5,1876.84,1876.9
2023-07-30 19:46:49,1877.43,1877.54,1878.45,1878.5,1876.84,1876.9
2023-07-30 19:47:00,1877.43,1877.53,1878.45,1878.5,1876.84,1876.9
2023-07-30 19:47:10,1877.43,1877.6,1878.45,1878.5,1876.84,1876.9
2023-07-30 19:47:21,1877.54,1877.6,1878.45,1878.5,1876.84,1876.9
2023-07-30 19:47:32,1877.54,1877.65,1878.45,1878.5,1876.84,1876.9
2023-07-30 19:47:43,1877.22,1877.36,1878.45,1878.5,1876.84,1876.9
2023-07-30 19:47:53,1877.11,1877.27,1878.45,1878.5,1876.84,1876.9
2023-07-30 19:48:04,1877.13,1877.24,1878.45,1878.5,1876.84,1876.9
2023-07-30 19:48:15,1877.08,1877.19,1878.45,1878.5,1876.84,1876.9
2023-07-30 19:48:25,1877.03,1877.19,1878.45,1878.5,1876.84,1876.9
2023-07-30 19:48:36,1876.6,1876.69,1878.1,1878.15,1876.84,1876.9
2023-07-30 19:48:47,1876.03,1876.17,1877.75,1877.8,1876.82,1876.88
2023-07-30 19:48:57,1873.85,1874.07,1875.0,1875.05,1875.14,1875.2
2023-07-30 19:49:08,1873.09,1873.3,1874.25,1874.3,1873.13,1873.19
2023-07-30 19:49:19,1873.18,1873.43,1874.1,1874.15,1872.21,1872.38
2023-07-30 19:49:29,1871.46,1871.74,1872.8,1872.85,1871.66,1872.0
2023-07-30 19:49:40,1871.77,1871.89,1872.9,1872.95,1872.12,1872.18
2023-07-30 19:49:51,1872.87,1872.98,1874.2,1874.25,1873.13,1873.19
2023-07-30 19:50:02,1871.74,1871.79,1873.0,1873.05,1872.25,1872.31
2023-07-30 19:50:12,1865.74,1866.99,1867.45,1867.5,1865.43,1865.5
2023-07-30 19:50:23,1865.32,1865.91,1866.2,1866.25,1863.69,1863.75
2023-07-30 19:50:34,1865.69,1866.36,1866.2,1866.25,1864.6,1864.67
2023-07-30 19:50:44,1866.66,1866.79,1866.95,1867.0,1865.01,1865.07
2023-07-30 19:50:55,1866.8,1866.98,1867.3,1867.35,1864.9,1864.96
2023-07-30 19:51:06,1864.83,1864.84,1865.7,1865.75,1863.83,1863.89
2023-07-30 19:51:17,1864.31,1864.57,1865.05,1865.1,1862.74,1862.8
2023-07-30 19:51:27,1864.01,1864.4,1864.65,1864.7,1862.09,1862.46
2023-07-30 19:51:38,1864.93,1865.13,1865.75,1865.8,1863.14,1863.44
2023-07-30 19:51:49,1864.16,1864.32,1864.7,1864.75,1863.24,1863.6
2023-07-30 19:51:59,1864.13,1864.25,1864.95,1865.0,1863.07,1863.4
2023-07-30 19:52:10,1863.41,1863.52,1863.65,1863.7,1861.64,1861.7
2023-07-30 19:52:21,1865.07,1865.24,1865.75,1865.8,1863.63,1863.78
2023-07-30 19:52:31,1864.22,1864.38,1865.0,1865.05,1862.97,1863.89
2023-07-30 19:52:42,1864.07,1864.21,1865.0,1865.05,1863.83,1863.89
2023-07-30 19:52:53,1864.25,1864.4,1864.95,1865.0,1863.83,1863.89
2023-07-30 19:53:04,1862.76,1862.93,1863.65,1863.7,1863.34,1863.4
