timestamp,MEXC_BTC/USDT_Ask,MEXC_BTC/USDT_Bid,Bybit_BTCUSDC_Ask,Bybit_BTCUSDC_Bid,Diff
2023-09-03 11:55:03,25931.14,25931.13,25931.74,25928.08,0.6000000000021828
2023-09-03 11:55:06,25931.14,25931.13,25931.91,25928.12,0.7700000000004366
2023-09-03 11:55:07,25931.14,25931.13,25931.99,25928.23,0.8500000000021828
2023-09-03 11:55:10,25931.14,25931.13,25932.0,25928.81,0.8600000000005821
2023-09-03 11:55:12,25931.14,25931.13,25931.99,25928.97,0.8500000000021828
2023-09-03 11:55:13,25931.14,25931.13,25931.99,25928.7,0.8500000000021828
2023-09-03 11:55:15,25931.14,25931.13,25931.99,25928.66,0.8500000000021828
2023-09-03 11:55:17,25931.14,25931.13,25931.99,25928.91,0.8500000000021828
2023-09-03 11:55:19,25931.14,25931.13,25931.99,25928.67,0.8500000000021828
2023-09-03 11:55:21,25931.14,25931.13,25931.99,25928.73,0.8500000000021828
2023-09-03 11:55:22,25931.14,25931.13,25931.99,25928.84,0.8500000000021828
2023-09-03 11:58:47,25932.97,25932.96,25931.99,25929.33,-0.9799999999995634
2023-09-03 11:58:49,25932.97,25932.96,25931.99,25929.33,-0.9799999999995634
2023-09-03 11:58:52,25932.97,25932.96,25932.0,25929.33,-0.9700000000011642
2023-09-03 11:58:53,25932.97,25932.96,25931.96,25929.33,-1.0100000000020373
2023-09-03 11:58:55,25932.97,25932.96,25931.83,25929.33,-1.139999999999418
2023-09-03 11:58:56,25932.97,25932.96,25931.98,25929.33,-0.9900000000016007
2023-09-03 11:58:58,25932.97,25932.96,25932.0,25929.33,-0.9700000000011642
2023-09-03 11:58:59,25932.97,25932.96,25932.0,25929.33,-0.9700000000011642
2023-09-03 11:59:01,25932.97,25932.96,25932.0,25929.34,-0.9700000000011642
2023-09-03 11:59:03,25932.97,25932.96,25931.95,25929.34,-1.0200000000004366
2023-09-03 11:59:05,25932.97,25932.96,25929.6,25926.76,-3.3700000000026193
2023-09-03 11:59:06,25932.97,25932.96,25929.6,25926.8,-3.3700000000026193
2023-09-03 11:59:08,25932.97,25932.96,25929.49,25925.3,-3.4799999999995634
2023-09-03 11:59:10,25932.97,25932.96,25929.26,25925.3,-3.710000000002765
2023-09-03 11:59:11,25932.97,25932.96,25929.24,25925.3,-3.7299999999995634
2023-09-03 11:59:13,25932.97,25932.96,25929.25,25926.67,-3.720000000001164
2023-09-03 11:59:14,25932.97,25932.96,25929.59,25926.61,-3.3800000000010186
2023-09-03 11:59:16,25932.97,25932.96,25929.59,25926.47,-3.3800000000010186
2023-09-03 11:59:17,25932.97,25932.96,25929.59,25926.58,-3.3800000000010186
2023-09-03 11:59:19,25932.97,25932.96,25929.59,25926.42,-3.3800000000010186
2023-09-03 11:59:20,25932.97,25932.96,25929.59,25926.44,-3.3800000000010186
2023-09-03 11:59:22,25932.97,25932.96,25929.59,25926.62,-3.3800000000010186
2023-09-03 11:59:24,25932.97,25932.96,25929.59,25927.04,-3.3800000000010186
2023-09-03 11:59:26,25932.97,25932.96,25929.59,25926.34,-3.3800000000010186
2023-09-03 11:59:28,25932.97,25932.96,25929.59,25926.38,-3.3800000000010186
2023-09-03 11:59:30,25932.97,25932.96,25929.59,25926.66,-3.3800000000010186
2023-09-03 11:59:32,25932.97,25932.96,25929.59,25926.48,-3.3800000000010186
2023-09-03 11:59:33,25932.97,25932.96,25929.59,25926.44,-3.3800000000010186
2023-09-03 11:59:35,25932.97,25932.96,25929.59,25926.36,-3.3800000000010186
2023-09-03 11:59:36,25932.97,25932.96,25929.59,25926.61,-3.3800000000010186
2023-09-03 11:59:38,25932.97,25932.96,25929.59,25926.34,-3.3800000000010186
2023-09-03 11:59:40,25932.97,25932.96,25929.59,25926.56,-3.3800000000010186
2023-09-03 11:59:41,25932.97,25932.96,25929.59,25926.7,-3.3800000000010186
2023-09-03 11:59:43,25932.97,25932.96,25929.59,25926.65,-3.3800000000010186
2023-09-03 11:59:45,25932.97,25932.96,25929.59,25926.35,-3.3800000000010186
2023-09-03 11:59:47,25932.97,25932.96,25929.59,25926.37,-3.3800000000010186
2023-09-03 11:59:48,25932.97,25932.96,25929.59,25926.74,-3.3800000000010186
2023-09-03 11:59:51,25932.97,25932.96,25929.57,25926.36,-3.400000000001455
2023-09-03 11:59:52,25932.97,25932.96,25929.57,25926.36,-3.400000000001455
2023-09-03 11:59:54,25932.97,25932.96,25929.57,25926.38,-3.400000000001455
2023-09-03 11:59:55,25932.97,25932.96,25929.57,25926.6,-3.400000000001455
2023-09-03 11:59:57,25932.97,25932.96,25929.57,25926.6,-3.400000000001455
2023-09-03 11:59:59,25932.97,25932.96,25929.59,25926.84,-3.3800000000010186
2023-09-03 12:00:01,25932.97,25932.96,25929.59,25926.94,-3.3800000000010186
2023-09-03 12:00:02,25932.97,25932.96,25931.88,25927.18,-1.0900000000001455
2023-09-03 12:00:04,25932.97,25932.96,25931.71,25927.68,-1.2600000000020373
2023-09-03 12:00:06,25932.97,25932.96,25931.61,25927.68,-1.360000000000582
2023-09-03 12:00:09,25932.97,25932.96,25931.4,25927.68,-1.569999999999709
2023-09-03 12:00:10,25932.97,25932.96,25931.37,25927.68,-1.6000000000021828
2023-09-03 12:00:12,25932.97,25932.96,25931.53,25927.68,-1.4400000000023283
2023-09-03 12:00:14,25932.97,25932.96,25931.05,25927.67,-1.9200000000018917
2023-09-03 12:00:16,25932.97,25932.96,25931.01,25927.67,-1.9600000000027649
2023-09-03 12:00:18,25932.97,25932.96,25931.06,25927.68,-1.9099999999998545
2023-09-03 12:00:20,25932.97,25932.96,25931.03,25927.68,-1.9400000000023283
2023-09-03 12:00:21,25932.97,25932.96,25931.01,25927.68,-1.9600000000027649
2023-09-03 12:00:23,25932.97,25932.96,25931.02,25927.68,-1.9500000000007276
2023-09-03 12:00:25,25932.97,25932.96,25931.02,25927.69,-1.9500000000007276
2023-09-03 12:00:26,25932.97,25932.96,25931.01,25927.69,-1.9600000000027649
2023-09-03 12:00:28,25932.97,25932.96,25931.05,25927.69,-1.9200000000018917
2023-09-03 12:00:31,25932.97,25932.96,25931.05,25927.69,-1.9200000000018917
2023-09-03 12:00:32,25932.97,25932.96,25931.03,25927.69,-1.9400000000023283
2023-09-03 12:00:34,25932.97,25932.96,25931.06,25927.75,-1.9099999999998545
2023-09-03 12:00:35,25932.97,25932.96,25931.06,25927.75,-1.9099999999998545
2023-09-03 12:00:38,25932.97,25932.96,25931.0,25927.75,-1.9700000000011642
2023-09-03 12:00:40,25932.97,25932.96,25931.06,25927.75,-1.9099999999998545
2023-09-03 12:00:41,25932.97,25932.96,25931.0,25927.75,-1.9700000000011642
2023-09-03 12:00:43,25932.97,25932.96,25931.06,25927.76,-1.9099999999998545
2023-09-03 12:00:44,25932.97,25932.96,25931.06,25927.76,-1.9099999999998545
2023-09-03 12:00:46,25932.97,25932.96,25928.02,25926.61,-4.950000000000728
2023-09-03 12:00:48,25932.97,25932.96,25929.57,25926.61,-3.400000000001455
2023-09-03 12:00:50,25932.97,25932.96,25929.57,25926.61,-3.400000000001455
2023-09-03 12:00:51,25932.97,25932.96,25929.57,25926.61,-3.400000000001455
2023-09-03 12:00:53,25932.97,25932.96,25929.57,25926.61,-3.400000000001455
2023-09-03 12:00:54,25932.97,25932.96,25929.57,25926.61,-3.400000000001455
2023-09-03 12:00:56,25932.97,25932.96,25929.52,25926.61,-3.4500000000007276
2023-09-03 12:00:58,25931.17,25931.16,25926.87,25925.48,-4.299999999999272
2023-09-03 12:00:59,25931.17,25931.16,25930.0,25927.32,-1.1699999999982538
2023-09-03 12:01:01,25931.17,25931.16,25930.0,25927.32,-1.1699999999982538
2023-09-03 12:01:02,25931.17,25931.16,25930.0,25927.32,-1.1699999999982538
2023-09-03 12:01:04,25931.17,25931.16,25930.0,25927.32,-1.1699999999982538
2023-09-03 12:01:05,25931.17,25931.16,25930.0,25927.32,-1.1699999999982538
2023-09-03 12:01:08,25931.17,25931.16,25930.0,25927.32,-1.1699999999982538
2023-09-03 12:01:10,25931.17,25931.16,25930.0,25927.37,-1.1699999999982538
2023-09-03 12:01:11,25931.17,25931.16,25930.0,25927.32,-1.1699999999982538
2023-09-03 12:01:13,25931.17,25931.16,25930.0,25927.32,-1.1699999999982538
2023-09-03 12:01:15,25931.17,25931.16,25930.0,25927.32,-1.1699999999982538
2023-09-03 12:01:16,25931.17,25931.16,25930.0,25927.39,-1.1699999999982538
2023-09-03 12:01:18,25931.17,25931.16,25930.0,25927.32,-1.1699999999982538
2023-09-03 12:01:19,25931.17,25931.16,25930.0,25926.0,-1.1699999999982538
2023-09-03 12:01:21,25931.17,25931.16,25927.57,25925.3,-3.599999999998545
2023-09-03 12:01:22,25931.17,25931.16,25927.57,25925.3,-3.599999999998545
2023-09-03 12:01:24,25931.17,25931.16,25927.57,25925.3,-3.599999999998545
2023-09-03 12:01:25,25931.17,25931.16,25927.57,25925.3,-3.599999999998545
2023-09-03 12:01:27,25931.17,25931.16,25927.57,25925.3,-3.599999999998545
2023-09-03 12:01:29,25931.17,25931.16,25927.57,25925.3,-3.599999999998545
2023-09-03 12:01:31,25931.17,25931.16,25929.26,25925.32,-1.9099999999998545
2023-09-03 12:01:33,25931.17,25931.16,25929.27,25925.73,-1.8999999999978172
2023-09-03 12:01:35,25931.17,25931.16,25929.27,25925.79,-1.8999999999978172
2023-09-03 12:01:37,25931.17,25931.16,25929.19,25925.31,-1.9799999999995634
2023-09-03 12:01:39,25931.17,25931.16,25929.26,25925.37,-1.9099999999998545
2023-09-03 12:01:40,25931.17,25931.16,25929.27,25925.7,-1.8999999999978172
2023-09-03 12:01:42,25931.17,25931.16,25929.2,25925.02,-1.9699999999975262
2023-09-03 12:01:43,25931.17,25931.16,25929.27,25925.26,-1.8999999999978172
2023-09-03 12:01:45,25931.17,25931.16,25929.27,25926.01,-1.8999999999978172
2023-09-03 12:01:47,25931.17,25931.16,25929.27,25926.05,-1.8999999999978172
2023-09-03 12:01:48,25931.17,25931.16,25929.27,25926.01,-1.8999999999978172
2023-09-03 12:01:51,25931.17,25931.16,25929.99,25926.01,-1.179999999996653
2023-09-03 12:01:52,25931.17,25931.16,25929.97,25926.01,-1.1999999999970896
2023-09-03 12:01:54,25931.17,25931.16,25929.96,25926.01,-1.2099999999991269
2023-09-03 12:01:56,25931.17,25931.16,25929.98,25926.01,-1.1899999999986903
2023-09-03 12:01:57,25931.17,25931.16,25929.98,25925.55,-1.1899999999986903
2023-09-03 12:02:00,25931.17,25931.16,25929.09,25925.55,-2.0799999999981083
2023-09-03 12:02:01,25931.17,25931.16,25929.09,25925.55,-2.0799999999981083
2023-09-03 12:02:03,25931.17,25931.16,25929.09,25925.55,-2.0799999999981083
2023-09-03 12:02:05,25931.17,25931.16,25929.09,25925.55,-2.0799999999981083
2023-09-03 12:02:07,25931.17,25931.16,25929.09,25925.55,-2.0799999999981083
2023-09-03 12:02:08,25931.17,25931.16,25929.09,25925.55,-2.0799999999981083
2023-09-03 12:02:10,25931.17,25931.16,25929.09,25925.55,-2.0799999999981083
2023-09-03 12:02:12,25931.17,25931.16,25929.09,25925.55,-2.0799999999981083
2023-09-03 12:02:13,25931.17,25931.16,25929.09,25925.55,-2.0799999999981083
2023-09-03 12:02:15,25931.17,25931.16,25929.09,25925.55,-2.0799999999981083
2023-09-03 12:02:16,25931.17,25931.16,25929.09,25925.55,-2.0799999999981083
2023-09-03 12:02:18,25931.17,25931.16,25929.09,25925.55,-2.0799999999981083
2023-09-03 12:02:20,25931.17,25931.16,25929.09,25925.55,-2.0799999999981083
2023-09-03 12:02:22,25931.17,25931.16,25929.09,25925.55,-2.0799999999981083
2023-09-03 12:02:23,25931.17,25931.16,25929.09,25925.55,-2.0799999999981083
2023-09-03 12:02:26,25931.17,25931.16,25929.09,25925.55,-2.0799999999981083
2023-09-03 12:02:27,25931.17,25931.16,25929.09,25925.55,-2.0799999999981083
2023-09-03 12:02:30,25931.17,25931.16,25929.09,25925.55,-2.0799999999981083
2023-09-03 12:02:32,25931.17,25931.16,25929.08,25925.55,-2.0899999999965075
2023-09-03 12:02:34,25931.17,25931.16,25929.08,25925.55,-2.0899999999965075
2023-09-03 12:02:36,25931.17,25931.16,25929.1,25925.55,-2.069999999999709
2023-09-03 12:02:37,25931.17,25931.16,25929.08,25925.55,-2.0899999999965075
2023-09-03 12:02:39,25931.17,25931.16,25929.0,25925.55,-2.1699999999982538
2023-09-03 12:02:40,25931.17,25931.16,25929.0,25925.55,-2.1699999999982538
2023-09-03 12:02:42,25931.17,25931.16,25929.0,25925.55,-2.1699999999982538
2023-09-03 12:02:43,25931.17,25931.16,25929.1,25925.55,-2.069999999999709
2023-09-03 12:02:45,25931.17,25931.16,25929.08,25925.55,-2.0899999999965075
2023-09-03 12:02:46,25931.17,25931.16,25929.08,25925.55,-2.0899999999965075
2023-09-03 12:02:48,25931.17,25931.16,25929.08,25925.55,-2.0899999999965075
2023-09-03 12:02:49,25931.17,25931.16,25929.1,25925.55,-2.069999999999709
2023-09-03 12:02:51,25931.17,25931.16,25929.06,25925.55,-2.109999999996944
2023-09-03 12:02:53,25931.17,25931.16,25929.03,25925.55,-2.139999999999418
2023-09-03 12:02:55,25931.17,25931.16,25929.03,25925.55,-2.139999999999418
2023-09-03 12:02:56,25931.17,25931.16,25929.03,25925.55,-2.139999999999418
2023-09-03 12:02:58,25931.17,25931.16,25929.07,25925.55,-2.099999999998545
2023-09-03 12:03:00,25931.17,25931.16,25928.97,25925.55,-2.1999999999970896
2023-09-03 12:03:02,25931.17,25931.16,25928.97,25925.55,-2.1999999999970896
2023-09-03 12:03:04,25931.17,25931.16,25928.93,25925.55,-2.2399999999979627
2023-09-03 12:03:05,25931.17,25931.16,25928.93,25925.55,-2.2399999999979627
2023-09-03 12:03:07,25931.17,25931.16,25928.86,25925.55,-2.3099999999976717
2023-09-03 12:03:09,25931.17,25931.16,25928.86,25925.55,-2.3099999999976717
2023-09-03 12:03:10,25931.17,25931.16,25928.86,25925.55,-2.3099999999976717
2023-09-03 12:03:12,25931.17,25931.16,25928.86,25925.55,-2.3099999999976717
2023-09-03 12:03:14,25931.17,25931.16,25928.86,25925.55,-2.3099999999976717
2023-09-03 12:03:16,25931.17,25931.16,25928.86,25925.55,-2.3099999999976717
2023-09-03 12:03:18,25930.56,25930.55,25928.0,25925.16,-2.5600000000013097
2023-09-03 12:03:19,25930.56,25930.55,25928.0,25925.11,-2.5600000000013097
2023-09-03 12:03:21,25930.56,25930.55,25928.0,25925.37,-2.5600000000013097
2023-09-03 12:03:22,25930.56,25930.55,25928.0,25925.11,-2.5600000000013097
2023-09-03 12:03:24,25930.56,25930.55,25928.0,25925.25,-2.5600000000013097
2023-09-03 12:03:26,25930.56,25930.55,25928.0,25925.05,-2.5600000000013097
2023-09-03 12:03:27,25930.56,25930.55,25928.0,25925.14,-2.5600000000013097
2023-09-03 12:03:29,25930.56,25930.55,25928.0,25925.04,-2.5600000000013097
2023-09-03 12:03:30,25930.56,25930.55,25928.0,25925.13,-2.5600000000013097
2023-09-03 12:03:32,25930.56,25930.55,25928.0,25925.18,-2.5600000000013097
2023-09-03 12:03:33,25930.56,25930.55,25928.0,25925.18,-2.5600000000013097
2023-09-03 12:03:35,25930.56,25930.55,25928.0,25925.12,-2.5600000000013097
2023-09-03 12:03:37,25930.56,25930.55,25928.0,25925.25,-2.5600000000013097
2023-09-03 12:03:38,25930.56,25930.55,25928.0,25925.0,-2.5600000000013097
2023-09-03 12:03:40,25930.56,25930.55,25928.0,25925.11,-2.5600000000013097
2023-09-03 12:03:41,25930.56,25930.55,25928.0,25925.43,-2.5600000000013097
2023-09-03 12:03:43,25930.56,25930.55,25928.0,25925.12,-2.5600000000013097
2023-09-03 12:03:45,25930.56,25930.55,25928.0,25925.08,-2.5600000000013097
2023-09-03 12:03:47,25930.56,25930.55,25928.0,25925.04,-2.5600000000013097
2023-09-03 12:03:48,25930.56,25930.55,25928.0,25925.04,-2.5600000000013097
2023-09-03 12:03:50,25930.56,25930.55,25928.0,25925.22,-2.5600000000013097
2023-09-03 12:03:52,25930.56,25930.55,25928.0,25925.23,-2.5600000000013097
2023-09-03 12:03:53,25930.56,25930.55,25928.0,25925.06,-2.5600000000013097
2023-09-03 12:03:55,25930.56,25930.55,25928.0,25925.06,-2.5600000000013097
2023-09-03 12:03:57,25930.56,25930.55,25928.0,25925.04,-2.5600000000013097
2023-09-03 12:03:59,25930.56,25930.55,25928.0,25925.09,-2.5600000000013097
2023-09-03 12:04:00,25930.56,25930.55,25928.0,25925.17,-2.5600000000013097
2023-09-03 12:04:02,25930.56,25930.55,25928.0,25925.07,-2.5600000000013097
2023-09-03 12:04:04,25930.56,25930.55,25928.0,25925.09,-2.5600000000013097
2023-09-03 12:04:05,25930.56,25930.55,25928.0,25925.12,-2.5600000000013097
2023-09-03 12:04:07,25930.56,25930.55,25928.0,25925.0,-2.5600000000013097
2023-09-03 12:04:09,25930.56,25930.55,25929.1,25925.05,-1.4600000000027649
2023-09-03 12:04:10,25930.56,25930.55,25929.1,25925.06,-1.4600000000027649
2023-09-03 12:04:12,25930.56,25930.55,25929.1,25925.0,-1.4600000000027649
2023-09-03 12:04:14,25930.56,25930.55,25929.1,25925.0,-1.4600000000027649
2023-09-03 12:04:15,25930.56,25930.55,25929.1,25925.45,-1.4600000000027649
2023-09-03 12:04:17,25930.56,25930.55,25929.1,25925.42,-1.4600000000027649
2023-09-03 12:04:18,25930.56,25930.55,25929.1,25925.39,-1.4600000000027649
2023-09-03 12:04:20,25930.56,25930.55,25929.1,25925.46,-1.4600000000027649
2023-09-03 12:04:22,25930.56,25930.55,25929.1,25925.42,-1.4600000000027649
2023-09-03 12:04:23,25930.56,25930.55,25929.1,25925.45,-1.4600000000027649
2023-09-03 12:04:25,25930.56,25930.55,25929.1,25925.58,-1.4600000000027649
2023-09-03 12:04:27,25930.56,25930.55,25929.1,25925.8,-1.4600000000027649
2023-09-03 12:04:28,25930.56,25930.55,25929.1,25925.37,-1.4600000000027649
2023-09-03 12:04:30,25930.56,25930.55,25929.09,25925.38,-1.4700000000011642
2023-09-03 12:04:31,25930.56,25930.55,25929.09,25925.53,-1.4700000000011642
2023-09-03 12:04:34,25930.56,25930.55,25929.09,25925.8,-1.4700000000011642
2023-09-03 12:04:36,25930.56,25930.55,25929.1,25926.13,-1.4600000000027649
2023-09-03 12:04:38,25930.56,25930.55,25929.1,25926.31,-1.4600000000027649
2023-09-03 12:04:40,25930.56,25930.55,25929.1,25926.09,-1.4600000000027649
2023-09-03 12:04:41,25930.56,25930.55,25929.1,25926.0,-1.4600000000027649
2023-09-03 12:04:43,25930.56,25930.55,25929.1,25926.01,-1.4600000000027649
2023-09-03 12:04:44,25930.56,25930.55,25929.1,25926.01,-1.4600000000027649
2023-09-03 12:04:46,25930.56,25930.55,25929.26,25926.02,-1.3000000000029104
2023-09-03 12:04:47,25930.56,25930.55,25929.26,25926.05,-1.3000000000029104
2023-09-03 12:04:49,25930.56,25930.55,25929.26,25926.14,-1.3000000000029104
2023-09-03 12:04:51,25930.56,25930.55,25929.29,25926.42,-1.2700000000004366
2023-09-03 12:04:53,25930.56,25930.55,25929.29,25926.42,-1.2700000000004366
2023-09-03 12:04:55,25930.56,25930.55,25929.29,25926.42,-1.2700000000004366
2023-09-03 12:04:56,25930.56,25930.55,25929.29,25926.42,-1.2700000000004366
2023-09-03 12:04:58,25930.56,25930.55,25929.29,25926.11,-1.2700000000004366
2023-09-03 12:05:00,25930.56,25930.55,25929.5,25926.21,-1.0600000000013097
2023-09-03 12:05:01,25930.56,25930.55,25929.5,25926.25,-1.0600000000013097
2023-09-03 12:05:03,25930.56,25930.55,25929.51,25926.02,-1.0500000000029104
2023-09-03 12:05:04,25930.56,25930.55,25929.49,25926.17,-1.069999999999709
2023-09-03 12:05:06,25930.56,25930.55,25929.49,25926.29,-1.069999999999709
2023-09-03 12:05:08,25930.56,25930.55,25929.5,25926.08,-1.0600000000013097
2023-09-03 12:05:10,25930.56,25930.55,25929.49,25926.35,-1.069999999999709
2023-09-03 12:05:11,25930.56,25930.55,25929.5,25926.11,-1.0600000000013097
2023-09-03 12:05:13,25930.56,25930.55,25929.5,25926.08,-1.0600000000013097
2023-09-03 12:05:14,25930.56,25930.55,25929.49,25926.24,-1.069999999999709
2023-09-03 12:05:17,25930.56,25930.55,25929.49,25926.19,-1.069999999999709
2023-09-03 12:05:18,25930.56,25930.55,25929.5,25926.1,-1.0600000000013097
2023-09-03 12:05:20,25930.56,25930.55,25929.49,25926.21,-1.069999999999709
2023-09-03 12:05:21,25930.56,25930.55,25929.5,25926.03,-1.0600000000013097
2023-09-03 12:05:24,25930.56,25930.55,25929.38,25926.09,-1.180000000000291
2023-09-03 12:05:25,25930.56,25930.55,25929.26,25925.37,-1.3000000000029104
2023-09-03 12:05:27,25930.56,25930.55,25929.15,25925.53,-1.4099999999998545
2023-09-03 12:05:29,25930.56,25930.55,25929.13,25925.58,-1.430000000000291
2023-09-03 12:05:31,25930.56,25930.55,25929.13,25925.58,-1.430000000000291
2023-09-03 12:05:32,25930.56,25930.55,25929.13,25925.58,-1.430000000000291
2023-09-03 12:05:34,25930.56,25930.55,25929.13,25925.41,-1.430000000000291
2023-09-03 12:05:36,25930.56,25930.55,25928.95,25925.28,-1.610000000000582
2023-09-03 12:05:37,25930.56,25930.55,25928.93,25925.27,-1.6300000000010186
2023-09-03 12:05:39,25930.56,25930.55,25928.91,25925.27,-1.6500000000014552
2023-09-03 12:05:41,25930.56,25930.55,25928.89,25925.27,-1.6700000000018917
2023-09-03 12:05:43,25930.56,25930.55,25928.85,25925.33,-1.7100000000027649
2023-09-03 12:05:44,25930.56,25930.55,25928.85,25925.3,-1.7100000000027649
2023-09-03 12:05:46,25930.56,25930.55,25928.85,25925.3,-1.7100000000027649
2023-09-03 12:05:47,25930.56,25930.55,25928.85,25925.1,-1.7100000000027649
2023-09-03 12:05:49,25930.56,25930.55,25928.85,25925.27,-1.7100000000027649
2023-09-03 12:05:50,25930.56,25930.55,25928.85,25925.07,-1.7100000000027649
2023-09-03 12:05:53,25930.56,25930.55,25928.85,25925.3,-1.7100000000027649
2023-09-03 12:05:54,25930.56,25930.55,25928.85,25925.16,-1.7100000000027649
2023-09-03 12:05:56,25930.56,25930.55,25928.85,25925.3,-1.7100000000027649
2023-09-03 12:05:57,25930.56,25930.55,25928.85,25925.3,-1.7100000000027649
2023-09-03 12:05:59,25930.56,25930.55,25928.85,25925.0,-1.7100000000027649
2023-09-03 12:06:01,25930.56,25930.55,25928.85,25925.0,-1.7100000000027649
2023-09-03 12:06:02,25930.56,25930.55,25928.85,25925.19,-1.7100000000027649
2023-09-03 12:06:05,25930.56,25930.55,25928.85,25925.12,-1.7100000000027649
2023-09-03 12:06:06,25930.56,25930.55,25928.84,25925.25,-1.7200000000011642
2023-09-03 12:06:08,25930.09,25930.08,25928.75,25925.0,-1.3400000000001455
2023-09-03 12:06:10,25930.09,25930.08,25928.75,25925.0,-1.3400000000001455
2023-09-03 12:06:12,25930.09,25930.08,25928.75,25925.0,-1.3400000000001455
2023-09-03 12:06:13,25930.09,25930.08,25928.75,25925.0,-1.3400000000001455
2023-09-03 12:06:15,25930.09,25930.08,25928.75,25925.0,-1.3400000000001455
2023-09-03 12:06:16,25930.09,25930.08,25928.75,25925.0,-1.3400000000001455
2023-09-03 12:06:18,25930.09,25930.08,25928.75,25925.19,-1.3400000000001455
2023-09-03 12:06:19,25930.09,25930.08,25928.75,25925.07,-1.3400000000001455
2023-09-03 12:06:22,25930.09,25930.08,25928.75,25925.02,-1.3400000000001455
2023-09-03 12:06:23,25930.09,25930.08,25928.75,25925.03,-1.3400000000001455
2023-09-03 12:06:25,25930.09,25930.08,25928.75,25925.01,-1.3400000000001455
2023-09-03 12:06:26,25930.09,25930.08,25928.75,25925.01,-1.3400000000001455
2023-09-03 12:06:28,25930.09,25930.08,25928.75,25925.03,-1.3400000000001455
2023-09-03 12:06:30,25930.09,25930.08,25928.75,25925.0,-1.3400000000001455
2023-09-03 12:06:32,25930.09,25930.08,25928.75,25925.0,-1.3400000000001455
2023-09-03 12:06:33,25930.09,25930.08,25928.75,25925.11,-1.3400000000001455
2023-09-03 12:06:35,25930.09,25930.08,25928.75,25925.04,-1.3400000000001455
2023-09-03 12:06:37,25930.09,25930.08,25928.75,25925.21,-1.3400000000001455
2023-09-03 12:06:38,25930.09,25930.08,25928.75,25925.01,-1.3400000000001455
2023-09-03 12:06:40,25930.09,25930.08,25928.75,25925.0,-1.3400000000001455
2023-09-03 12:06:42,25930.09,25930.08,25928.75,25925.11,-1.3400000000001455
2023-09-03 12:06:45,25930.09,25930.08,25928.75,25925.04,-1.3400000000001455
2023-09-03 12:06:46,25930.09,25930.08,25928.75,25925.09,-1.3400000000001455
2023-09-03 12:06:48,25930.09,25930.08,25928.75,25925.05,-1.3400000000001455
2023-09-03 12:06:50,25930.09,25930.08,25928.75,25925.16,-1.3400000000001455
2023-09-03 12:06:52,25930.09,25930.08,25928.75,25925.17,-1.3400000000001455
2023-09-03 12:06:54,25930.09,25930.08,25928.75,25925.03,-1.3400000000001455
2023-09-03 12:06:55,25930.09,25930.08,25928.75,25925.17,-1.3400000000001455
2023-09-03 12:06:57,25930.09,25930.08,25928.75,25925.01,-1.3400000000001455
2023-09-03 12:06:58,25930.09,25930.08,25928.75,25925.23,-1.3400000000001455
2023-09-03 12:07:00,25930.09,25930.08,25928.75,25925.06,-1.3400000000001455
2023-09-03 12:07:01,25930.09,25930.08,25928.75,25925.03,-1.3400000000001455
2023-09-03 12:07:03,25930.09,25930.08,25928.75,25925.05,-1.3400000000001455
2023-09-03 12:07:05,25930.09,25930.08,25928.75,25925.01,-1.3400000000001455
2023-09-03 12:07:09,25930.09,25930.08,25928.75,25925.0,-1.3400000000001455
2023-09-03 12:07:10,25930.09,25930.08,25928.58,25925.0,-1.5099999999983993
2023-09-03 12:07:12,25930.09,25930.08,25928.7,25925.0,-1.389999999999418
2023-09-03 12:07:14,25930.09,25930.08,25928.41,25925.0,-1.680000000000291
2023-09-03 12:07:16,25930.09,25930.08,25928.41,25925.0,-1.680000000000291
2023-09-03 12:07:18,25927.52,25927.51,25924.87,25922.0,-2.650000000001455
2023-09-03 12:07:19,25927.52,25927.51,25923.9,25922.0,-3.6199999999989814
2023-09-03 12:07:21,25927.52,25927.51,25923.84,25922.0,-3.680000000000291
2023-09-03 12:07:23,25927.52,25927.51,25923.82,25922.05,-3.7000000000007276
2023-09-03 12:07:24,25927.52,25927.51,25923.82,25922.13,-3.7000000000007276
2023-09-03 12:07:26,25927.52,25927.51,25923.82,25922.01,-3.7000000000007276
2023-09-03 12:07:28,25927.52,25927.51,25923.82,25922.0,-3.7000000000007276
2023-09-03 12:07:29,25927.52,25927.51,25923.82,25921.9,-3.7000000000007276
2023-09-03 12:07:31,25927.52,25927.51,25923.82,25921.9,-3.7000000000007276
2023-09-03 12:07:32,25927.52,25927.51,25923.82,25921.9,-3.7000000000007276
2023-09-03 12:07:34,25927.52,25927.51,25923.82,25921.9,-3.7000000000007276
2023-09-03 12:07:35,25927.52,25927.51,25923.82,25921.9,-3.7000000000007276
2023-09-03 12:07:37,25927.52,25927.51,25923.82,25921.9,-3.7000000000007276
2023-09-03 12:07:38,25927.52,25927.51,25923.82,25921.9,-3.7000000000007276
2023-09-03 12:07:41,25927.52,25927.51,25923.82,25921.9,-3.7000000000007276
2023-09-03 12:07:42,25927.52,25927.51,25923.82,25921.9,-3.7000000000007276
2023-09-03 12:07:44,25927.52,25927.51,25923.82,25922.24,-3.7000000000007276
2023-09-03 12:07:46,25927.52,25927.51,25923.82,25922.06,-3.7000000000007276
2023-09-03 12:07:48,25927.52,25927.51,25923.83,25921.98,-3.6899999999986903
2023-09-03 12:07:50,25927.52,25927.51,25923.83,25922.03,-3.6899999999986903
2023-09-03 12:07:52,25927.52,25927.51,25923.83,25922.15,-3.6899999999986903
2023-09-03 12:07:54,25927.52,25927.51,25923.83,25922.13,-3.6899999999986903
2023-09-03 12:07:55,25927.52,25927.51,25923.83,25921.95,-3.6899999999986903
2023-09-03 12:07:57,25927.52,25927.51,25923.83,25921.92,-3.6899999999986903
2023-09-03 12:07:59,25927.52,25927.51,25923.83,25921.92,-3.6899999999986903
2023-09-03 12:08:00,25927.52,25927.51,25923.83,25922.0,-3.6899999999986903
2023-09-03 12:08:02,25927.52,25927.51,25925.0,25922.4,-2.5200000000004366
2023-09-03 12:08:03,25927.52,25927.51,25925.0,25922.13,-2.5200000000004366
2023-09-03 12:08:05,25927.52,25927.51,25925.0,25922.12,-2.5200000000004366
2023-09-03 12:08:07,25927.52,25927.51,25925.0,25922.39,-2.5200000000004366
2023-09-03 12:08:09,25927.52,25927.51,25925.0,25922.41,-2.5200000000004366
2023-09-03 12:08:10,25927.52,25927.51,25925.0,25922.41,-2.5200000000004366
2023-09-03 12:08:12,25927.52,25927.51,25925.0,25922.41,-2.5200000000004366
2023-09-03 12:08:14,25927.52,25927.51,25925.0,25922.42,-2.5200000000004366
2023-09-03 12:08:15,25927.52,25927.51,25925.0,25922.28,-2.5200000000004366
2023-09-03 12:08:17,25927.52,25927.51,25925.0,25922.56,-2.5200000000004366
2023-09-03 12:08:19,25927.52,25927.51,25925.0,25922.33,-2.5200000000004366
2023-09-03 12:08:20,25927.52,25927.51,25925.0,25922.78,-2.5200000000004366
2023-09-03 12:08:22,25927.52,25927.51,25925.0,25922.91,-2.5200000000004366
2023-09-03 12:08:23,25927.52,25927.51,25925.0,25922.91,-2.5200000000004366
2023-09-03 12:08:26,25927.52,25927.51,25925.0,25922.91,-2.5200000000004366
2023-09-03 12:08:28,25927.52,25927.51,25925.0,25922.91,-2.5200000000004366
2023-09-03 12:08:29,25927.52,25927.51,25925.0,25922.91,-2.5200000000004366
2023-09-03 12:08:31,25927.52,25927.51,25925.0,25922.91,-2.5200000000004366
2023-09-03 12:08:32,25927.52,25927.51,25925.0,25922.91,-2.5200000000004366
2023-09-03 12:08:34,25927.52,25927.51,25925.0,25922.66,-2.5200000000004366
2023-09-03 12:08:36,25927.52,25927.51,25925.0,25922.66,-2.5200000000004366
2023-09-03 12:08:37,25927.52,25927.51,25925.0,25922.66,-2.5200000000004366
2023-09-03 12:08:39,25927.52,25927.51,25925.0,25922.66,-2.5200000000004366
2023-09-03 12:08:40,25927.52,25927.51,25925.0,25922.66,-2.5200000000004366
2023-09-03 12:08:42,25927.52,25927.51,25925.0,25922.66,-2.5200000000004366
2023-09-03 12:08:43,25927.52,25927.51,25925.0,25922.66,-2.5200000000004366
2023-09-03 12:08:45,25927.52,25927.51,25925.0,25922.66,-2.5200000000004366
2023-09-03 12:08:46,25927.52,25927.51,25925.0,25922.66,-2.5200000000004366
2023-09-03 12:08:48,25927.52,25927.51,25925.0,25922.66,-2.5200000000004366
2023-09-03 12:08:49,25927.52,25927.51,25924.98,25922.66,-2.540000000000873
2023-09-03 12:08:51,25927.52,25927.51,25925.0,25922.66,-2.5200000000004366
2023-09-03 12:08:53,25927.52,25927.51,25925.0,25922.66,-2.5200000000004366
2023-09-03 12:08:54,25927.52,25927.51,25925.0,25922.09,-2.5200000000004366
2023-09-03 12:08:56,25927.52,25927.51,25925.0,25922.05,-2.5200000000004366
2023-09-03 12:08:58,25927.52,25927.51,25925.0,25922.03,-2.5200000000004366
2023-09-03 12:08:59,25927.52,25927.51,25925.0,25922.0,-2.5200000000004366
2023-09-03 12:09:02,25927.52,25927.51,25925.0,25922.0,-2.5200000000004366
2023-09-03 12:09:04,25927.52,25927.51,25925.0,25922.0,-2.5200000000004366
2023-09-03 12:09:06,25927.52,25927.51,25925.0,25922.0,-2.5200000000004366
2023-09-03 12:09:08,25927.52,25927.51,25924.99,25922.0,-2.529999999998836
2023-09-03 12:09:09,25927.52,25927.51,25924.99,25922.0,-2.529999999998836
2023-09-03 12:09:11,25927.52,25927.51,25924.99,25922.41,-2.529999999998836
2023-09-03 12:09:12,25927.52,25927.51,25924.99,25922.02,-2.529999999998836
2023-09-03 12:09:14,25927.52,25927.51,25924.99,25922.0,-2.529999999998836
2023-09-03 12:09:16,25927.52,25927.51,25924.99,25922.38,-2.529999999998836
2023-09-03 12:09:18,25927.52,25927.51,25924.98,25922.39,-2.540000000000873
2023-09-03 12:09:20,25927.52,25927.51,25924.98,25922.39,-2.540000000000873
2023-09-03 12:09:22,25927.52,25927.51,25924.99,25922.39,-2.529999999998836
2023-09-03 12:09:23,25927.52,25927.51,25924.99,25922.39,-2.529999999998836
2023-09-03 12:09:25,25927.52,25927.51,25924.99,25922.39,-2.529999999998836
2023-09-03 12:09:26,25927.52,25927.51,25924.99,25922.39,-2.529999999998836
2023-09-03 12:09:28,25927.64,25927.57,25928.84,25925.01,1.2000000000007276
2023-09-03 12:09:30,25928.09,25928.08,25928.84,25924.22,0.75
2023-09-03 12:09:31,25928.09,25928.08,25928.8,25925.23,0.7099999999991269
2023-09-03 12:09:33,25928.09,25928.08,25928.75,25924.26,0.6599999999998545
2023-09-03 12:09:35,25928.09,25928.08,25928.71,25924.98,0.6199999999989814
2023-09-03 12:09:36,25928.09,25928.08,25928.71,25924.87,0.6199999999989814
2023-09-03 12:09:38,25928.09,25928.08,25927.97,25924.86,-0.11999999999898137
2023-09-03 12:09:40,25928.09,25928.08,25927.93,25924.44,-0.15999999999985448
2023-09-03 12:09:43,25928.09,25928.08,25927.91,25924.39,-0.18000000000029104
2023-09-03 12:09:44,25928.09,25928.08,25927.91,25924.4,-0.18000000000029104
2023-09-03 12:09:46,25928.09,25928.08,25927.88,25924.39,-0.20999999999912689
2023-09-03 12:09:47,25928.09,25928.08,25927.87,25924.4,-0.22000000000116415
2023-09-03 12:09:49,25928.09,25928.08,25927.78,25924.39,-0.3100000000013097
2023-09-03 12:09:51,25928.09,25928.08,25927.78,25924.47,-0.3100000000013097
2023-09-03 12:09:53,25928.09,25928.08,25927.63,25924.12,-0.4599999999991269
2023-09-03 12:09:55,25928.09,25928.08,25927.62,25924.34,-0.47000000000116415
2023-09-03 12:09:57,25928.09,25928.08,25927.62,25924.17,-0.47000000000116415
2023-09-03 12:09:59,25928.09,25928.08,25927.62,25924.21,-0.47000000000116415
2023-09-03 12:10:01,25928.09,25928.08,25927.62,25924.17,-0.47000000000116415
2023-09-03 12:10:02,25928.09,25928.08,25927.62,25924.26,-0.47000000000116415
2023-09-03 12:10:04,25928.09,25928.08,25927.92,25924.12,-0.17000000000189175
2023-09-03 12:10:05,25928.09,25928.08,25927.96,25924.15,-0.13000000000101863
2023-09-03 12:10:07,25928.09,25928.08,25927.91,25924.2,-0.18000000000029104
2023-09-03 12:10:10,25928.09,25928.08,25927.87,25924.15,-0.22000000000116415
2023-09-03 12:10:11,25928.09,25928.08,25927.8,25924.16,-0.2900000000008731
2023-09-03 12:10:13,25928.09,25928.08,25927.8,25924.14,-0.2900000000008731
2023-09-03 12:10:15,25928.09,25928.08,25927.6,25924.22,-0.4900000000016007
2023-09-03 12:10:17,25928.09,25928.08,25927.61,25924.48,-0.47999999999956344
2023-09-03 12:10:19,25928.09,25928.08,25927.91,25924.61,-0.18000000000029104
2023-09-03 12:10:20,25928.09,25928.08,25927.91,25924.54,-0.18000000000029104
2023-09-03 12:10:22,25928.09,25928.08,25927.91,25924.52,-0.18000000000029104
2023-09-03 12:10:23,25928.09,25928.08,25927.92,25924.55,-0.17000000000189175
2023-09-03 12:10:26,25928.09,25928.08,25927.91,25924.52,-0.18000000000029104
2023-09-03 12:10:27,25928.09,25928.08,25927.91,25924.52,-0.18000000000029104
2023-09-03 12:10:29,25928.09,25928.08,25927.91,25924.52,-0.18000000000029104
2023-09-03 12:10:31,25928.09,25928.08,25927.91,25924.52,-0.18000000000029104
2023-09-03 12:10:32,25928.09,25928.08,25927.91,25924.52,-0.18000000000029104
2023-09-03 12:10:34,25928.09,25928.08,25927.91,25924.52,-0.18000000000029104
2023-09-03 12:10:35,25929.25,25929.24,25929.19,25925.55,-0.06000000000130967
2023-09-03 12:10:37,25929.25,25929.24,25928.99,25925.47,-0.2599999999983993
2023-09-03 12:10:38,25929.25,25929.24,25928.8,25925.47,-0.4500000000007276
2023-09-03 12:10:40,25929.25,25929.24,25928.76,25925.56,-0.4900000000016007
2023-09-03 12:10:42,25929.25,25929.24,25928.76,25925.47,-0.4900000000016007
2023-09-03 12:10:43,25929.25,25929.24,25928.76,25925.47,-0.4900000000016007
2023-09-03 12:10:45,25929.25,25929.24,25928.76,25925.47,-0.4900000000016007
2023-09-03 12:10:46,25929.25,25929.24,25928.76,25925.47,-0.4900000000016007
2023-09-03 12:10:48,25929.25,25929.24,25928.76,25925.47,-0.4900000000016007
2023-09-03 12:10:49,25929.25,25929.24,25928.76,25925.47,-0.4900000000016007
2023-09-03 12:10:52,25929.25,25929.24,25928.76,25925.47,-0.4900000000016007
2023-09-03 12:10:54,25929.25,25929.24,25928.44,25925.47,-0.8100000000013097
2023-09-03 12:10:56,25929.25,25929.24,25928.3,25925.47,-0.9500000000007276
2023-09-03 12:10:58,25929.25,25929.24,25928.3,25925.47,-0.9500000000007276
2023-09-03 12:11:00,25929.25,25929.24,25928.3,25925.47,-0.9500000000007276
2023-09-03 12:11:02,25929.25,25929.24,25928.45,25925.47,-0.7999999999992724
2023-09-03 12:11:04,25929.25,25929.24,25928.45,25925.47,-0.7999999999992724
2023-09-03 12:11:05,25929.25,25929.24,25928.44,25925.47,-0.8100000000013097
2023-09-03 12:11:08,25929.25,25929.24,25928.44,25925.47,-0.8100000000013097
2023-09-03 12:11:09,25929.25,25929.24,25928.44,25925.47,-0.8100000000013097
2023-09-03 12:11:12,25929.25,25929.24,25928.44,25925.47,-0.8100000000013097
2023-09-03 12:11:14,25929.25,25929.24,25928.34,25925.47,-0.9099999999998545
2023-09-03 12:11:16,25929.25,25929.24,25928.44,25925.47,-0.8100000000013097
2023-09-03 12:11:17,25929.25,25929.24,25928.44,25925.47,-0.8100000000013097
2023-09-03 12:11:19,25929.25,25929.24,25928.28,25925.47,-0.9700000000011642
2023-09-03 12:11:22,25929.25,25929.24,25928.36,25925.47,-0.8899999999994179
2023-09-03 12:11:23,25929.25,25929.24,25928.36,25925.47,-0.8899999999994179
2023-09-03 12:11:25,25929.25,25929.24,25928.36,25925.47,-0.8899999999994179
2023-09-03 12:11:27,25929.25,25929.24,25928.36,25925.47,-0.8899999999994179
2023-09-03 12:11:29,25929.25,25929.24,25928.24,25925.47,-1.0099999999983993
2023-09-03 12:11:31,25929.25,25929.24,25925.73,25924.43,-3.5200000000004366
2023-09-03 12:11:34,25929.25,25929.24,25925.73,25924.43,-3.5200000000004366
2023-09-03 12:11:36,25929.25,25929.24,25925.73,25924.43,-3.5200000000004366
2023-09-03 12:11:37,25929.25,25929.24,25925.73,25924.43,-3.5200000000004366
2023-09-03 12:11:39,25929.25,25929.24,25925.73,25924.43,-3.5200000000004366
2023-09-03 12:11:40,25929.25,25929.24,25925.73,25924.43,-3.5200000000004366
2023-09-03 12:11:42,25929.25,25929.24,25925.73,25924.43,-3.5200000000004366
2023-09-03 12:11:45,25929.25,25929.24,25925.73,25924.43,-3.5200000000004366
2023-09-03 12:11:47,25929.25,25929.24,25925.73,25924.43,-3.5200000000004366
2023-09-03 12:11:49,25929.25,25929.24,25925.73,25922.73,-3.5200000000004366
2023-09-03 12:11:51,25929.25,25929.24,25925.73,25922.69,-3.5200000000004366
2023-09-03 12:11:54,25929.25,25929.24,25925.73,25922.77,-3.5200000000004366
2023-09-03 12:11:56,25929.25,25929.24,25925.73,25922.78,-3.5200000000004366
2023-09-03 12:11:58,25929.25,25929.24,25925.73,25922.75,-3.5200000000004366
2023-09-03 12:11:59,25929.25,25929.24,25925.73,25922.87,-3.5200000000004366
2023-09-03 12:12:01,25929.25,25929.24,25925.73,25922.69,-3.5200000000004366
2023-09-03 12:12:03,25929.25,25929.24,25925.73,25922.92,-3.5200000000004366
2023-09-03 12:12:05,25929.25,25929.24,25925.73,25923.33,-3.5200000000004366
2023-09-03 12:12:07,25929.25,25929.24,25925.73,25923.33,-3.5200000000004366
2023-09-03 12:12:08,25929.25,25929.24,25925.73,25922.69,-3.5200000000004366
2023-09-03 12:12:10,25929.25,25929.24,25925.73,25922.69,-3.5200000000004366
2023-09-03 12:12:12,25929.25,25929.24,25925.72,25922.95,-3.529999999998836
2023-09-03 12:12:13,25929.25,25929.24,25925.72,25922.95,-3.529999999998836
2023-09-03 12:12:15,25929.25,25929.24,25925.72,25922.95,-3.529999999998836
2023-09-03 12:12:16,25929.25,25929.24,25925.72,25922.95,-3.529999999998836
2023-09-03 12:12:18,25929.25,25929.24,25925.72,25922.95,-3.529999999998836
2023-09-03 12:12:20,25929.25,25929.24,25925.72,25922.95,-3.529999999998836
2023-09-03 12:12:22,25929.25,25929.24,25925.72,25922.95,-3.529999999998836
2023-09-03 12:12:24,25929.25,25929.24,25925.72,25922.69,-3.529999999998836
2023-09-03 12:12:26,25929.25,25929.24,25925.72,25923.3,-3.529999999998836
2023-09-03 12:12:27,25929.25,25929.24,25925.72,25923.3,-3.529999999998836
2023-09-03 12:12:30,25929.25,25929.24,25925.71,25923.66,-3.540000000000873
2023-09-03 12:12:31,25929.25,25929.24,25925.71,25923.66,-3.540000000000873
2023-09-03 12:12:34,25929.25,25929.24,25925.73,25923.66,-3.5200000000004366
2023-09-03 12:12:36,25929.25,25929.24,25925.73,25923.66,-3.5200000000004366
2023-09-03 12:12:38,25929.25,25929.24,25925.73,25923.66,-3.5200000000004366
2023-09-03 12:12:40,25929.25,25929.24,25925.73,25923.66,-3.5200000000004366
2023-09-03 12:12:43,25929.25,25929.24,25925.73,25923.66,-3.5200000000004366
2023-09-03 12:12:44,25929.25,25929.24,25925.73,25923.66,-3.5200000000004366
2023-09-03 12:12:46,25929.25,25929.24,25927.69,25924.0,-1.5600000000013097
2023-09-03 12:12:47,25929.29,25929.24,25928.87,25925.57,-0.42000000000189175
2023-09-03 12:12:49,25929.25,25929.24,25928.49,25925.57,-0.7599999999983993
2023-09-03 12:12:51,25929.25,25929.24,25928.54,25925.57,-0.7099999999991269
2023-09-03 12:12:53,25929.25,25929.24,25925.79,25922.91,-3.459999999999127
2023-09-03 12:12:54,25929.25,25929.24,25925.82,25922.91,-3.430000000000291
2023-09-03 12:12:56,25930.56,25930.55,25928.88,25926.0,-1.680000000000291
2023-09-03 12:12:58,25930.56,25930.55,25928.88,25926.0,-1.680000000000291
2023-09-03 12:12:59,25930.56,25930.55,25928.88,25926.0,-1.680000000000291
2023-09-03 12:13:01,25930.56,25930.55,25928.88,25926.22,-1.680000000000291
2023-09-03 12:13:02,25930.56,25930.55,25928.89,25926.23,-1.6700000000018917
2023-09-03 12:13:05,25930.56,25930.55,25928.89,25926.23,-1.6700000000018917
2023-09-03 12:13:06,25930.56,25930.55,25928.89,25926.23,-1.6700000000018917
2023-09-03 12:13:08,25931.01,25931.0,25928.89,25926.23,-2.1199999999989814
2023-09-03 12:13:09,25931.01,25931.0,25928.89,25926.31,-2.1199999999989814
2023-09-03 12:13:11,25931.01,25931.0,25928.85,25926.0,-2.1599999999998545
2023-09-03 12:13:12,25931.01,25931.0,25926.26,25924.73,-4.75
2023-09-03 12:13:14,25931.01,25931.0,25926.26,25924.73,-4.75
2023-09-03 12:13:16,25931.01,25931.0,25926.26,25924.73,-4.75
2023-09-03 12:13:17,25931.01,25931.0,25926.26,25924.73,-4.75
2023-09-03 12:13:19,25931.01,25931.0,25926.26,25924.73,-4.75
2023-09-03 12:13:20,25931.01,25931.0,25926.26,25924.73,-4.75
2023-09-03 12:13:23,25931.01,25931.0,25926.26,25924.73,-4.75
2023-09-03 12:13:24,25931.01,25931.0,25926.26,25924.73,-4.75
2023-09-03 12:13:26,25931.01,25931.0,25926.26,25924.73,-4.75
2023-09-03 12:13:28,25931.01,25931.0,25926.26,25924.73,-4.75
2023-09-03 12:13:30,25931.01,25931.0,25926.23,25923.62,-4.779999999998836
2023-09-03 12:13:32,25931.17,25931.16,25929.44,25926.01,-1.7299999999995634
2023-09-03 12:13:34,25931.17,25931.16,25929.41,25925.56,-1.7599999999983993
2023-09-03 12:13:36,25931.17,25931.16,25929.32,25925.67,-1.8499999999985448
2023-09-03 12:13:38,25931.17,25931.16,25928.63,25925.38,-2.539999999997235
2023-09-03 12:13:40,25931.17,25931.16,25928.53,25925.38,-2.639999999999418
2023-09-03 12:13:41,25931.66,25931.64,25928.76,25925.38,-2.900000000001455
2023-09-03 12:13:43,25931.88,25931.87,25928.76,25925.38,-3.1200000000026193
2023-09-03 12:13:45,25931.88,25931.87,25928.7,25925.38,-3.180000000000291
2023-09-03 12:13:47,25931.88,25931.87,25928.45,25925.39,-3.430000000000291
2023-09-03 12:13:48,25931.88,25931.87,25928.52,25925.38,-3.360000000000582
2023-09-03 12:13:50,25931.88,25931.87,25928.76,25926.0,-3.1200000000026193
2023-09-03 12:13:52,25931.88,25931.87,25928.76,25926.0,-3.1200000000026193
2023-09-03 12:13:53,25931.88,25931.87,25926.26,25924.01,-5.620000000002619
2023-09-03 12:13:55,25931.88,25931.87,25926.26,25924.02,-5.620000000002619
2023-09-03 12:13:58,25931.88,25931.87,25926.26,25924.08,-5.620000000002619
2023-09-03 12:13:59,25931.88,25931.87,25926.26,25924.05,-5.620000000002619
2023-09-03 12:14:01,25931.88,25931.87,25929.11,25924.71,-2.7700000000004366
2023-09-03 12:14:03,25931.88,25931.87,25929.11,25924.73,-2.7700000000004366
2023-09-03 12:14:05,25931.88,25931.87,25928.97,25924.9,-2.9099999999998545
2023-09-03 12:14:06,25931.88,25931.87,25928.97,25924.9,-2.9099999999998545
2023-09-03 12:14:08,25931.88,25931.87,25928.89,25924.9,-2.9900000000016007
2023-09-03 12:14:09,25931.88,25931.87,25928.9,25924.9,-2.9799999999995634
2023-09-03 12:14:11,25931.88,25931.87,25929.11,25924.83,-2.7700000000004366
2023-09-03 12:14:12,25931.88,25931.87,25929.11,25924.77,-2.7700000000004366
2023-09-03 12:14:14,25931.88,25931.86,25927.97,25924.7,-3.9099999999998545
2023-09-03 12:14:15,25931.88,25931.87,25927.97,25924.7,-3.9099999999998545
2023-09-03 12:14:17,25931.88,25931.87,25927.97,25924.7,-3.9099999999998545
2023-09-03 12:14:19,25931.88,25931.87,25927.97,25924.7,-3.9099999999998545
2023-09-03 12:14:21,25931.88,25931.87,25927.97,25924.7,-3.9099999999998545
2023-09-03 12:14:22,25931.88,25931.87,25927.97,25924.7,-3.9099999999998545
2023-09-03 12:14:24,25931.88,25931.87,25927.98,25924.91,-3.900000000001455
2023-09-03 12:14:25,25931.88,25931.87,25927.99,25924.91,-3.889999999999418
2023-09-03 12:14:27,25931.88,25931.87,25927.97,25924.91,-3.9099999999998545
2023-09-03 12:14:29,25931.88,25931.87,25927.97,25924.91,-3.9099999999998545
2023-09-03 12:14:31,25931.88,25931.87,25925.17,25924.91,-6.710000000002765
2023-09-03 12:14:33,25931.88,25931.87,25927.99,25924.91,-3.889999999999418
2023-09-03 12:14:34,25931.88,25931.87,25927.98,25924.92,-3.900000000001455
2023-09-03 12:14:36,25931.88,25931.87,25927.98,25924.92,-3.900000000001455
2023-09-03 12:14:38,25931.88,25931.87,25929.11,25924.92,-2.7700000000004366
2023-09-03 12:14:39,25931.88,25931.87,25929.05,25924.94,-2.8300000000017462
2023-09-03 12:14:41,25931.88,25931.87,25929.04,25924.94,-2.8400000000001455
2023-09-03 12:14:43,25931.88,25931.87,25929.11,25924.94,-2.7700000000004366
2023-09-03 12:14:45,25931.88,25931.87,25929.07,25924.94,-2.8100000000013097
2023-09-03 12:14:46,25931.88,25931.87,25929.06,25924.94,-2.819999999999709
2023-09-03 12:14:48,25931.88,25931.87,25928.99,25924.94,-2.889999999999418
2023-09-03 12:14:50,25931.88,25931.87,25928.92,25924.94,-2.960000000002765
2023-09-03 12:14:51,25931.88,25931.87,25928.89,25924.94,-2.9900000000016007
2023-09-03 12:14:53,25931.88,25931.87,25928.86,25924.94,-3.0200000000004366
2023-09-03 12:14:54,25931.88,25931.87,25928.76,25924.94,-3.1200000000026193
2023-09-03 12:14:56,25931.88,25931.87,25928.76,25924.94,-3.1200000000026193
2023-09-03 12:14:58,25931.88,25931.87,25928.76,25924.94,-3.1200000000026193
2023-09-03 12:15:00,25931.88,25931.87,25928.74,25924.94,-3.139999999999418
2023-09-03 12:15:02,25931.88,25931.87,25925.2,25924.9,-6.680000000000291
2023-09-03 12:15:03,25931.88,25931.87,25925.2,25924.9,-6.680000000000291
2023-09-03 12:15:05,25931.88,25931.87,25925.2,25924.9,-6.680000000000291
2023-09-03 12:15:07,25931.88,25931.87,25925.2,25924.9,-6.680000000000291
2023-09-03 12:15:08,25931.88,25931.87,25925.2,25924.9,-6.680000000000291
2023-09-03 12:15:10,25931.88,25931.87,25925.2,25924.9,-6.680000000000291
2023-09-03 12:15:12,25922.56,25922.51,25918.39,25916.01,-4.170000000001892
2023-09-03 12:15:13,25922.52,25922.51,25918.39,25916.07,-4.130000000001019
2023-09-03 12:15:15,25922.52,25922.51,25918.39,25916.1,-4.130000000001019
2023-09-03 12:15:17,25922.52,25922.51,25918.39,25916.08,-4.130000000001019
2023-09-03 12:15:20,25922.52,25922.51,25918.39,25916.04,-4.130000000001019
2023-09-03 12:15:21,25922.52,25922.51,25918.39,25916.13,-4.130000000001019
2023-09-03 12:15:23,25922.52,25922.51,25920.0,25916.24,-2.5200000000004366
2023-09-03 12:15:25,25922.52,25922.51,25919.85,25916.34,-2.6700000000018917
2023-09-03 12:15:28,25922.52,25922.51,25919.78,25916.01,-2.7400000000016007
2023-09-03 12:15:29,25922.52,25922.51,25919.99,25916.59,-2.529999999998836
2023-09-03 12:15:31,25922.52,25922.51,25920.39,25916.51,-2.1300000000010186
2023-09-03 12:15:32,25922.52,25922.51,25920.45,25916.01,-2.069999999999709
2023-09-03 12:15:34,25922.52,25922.51,25920.53,25916.17,-1.9900000000016007
2023-09-03 12:15:35,25922.52,25922.51,25920.53,25916.38,-1.9900000000016007
2023-09-03 12:15:37,25922.52,25922.51,25920.16,25916.68,-2.360000000000582
2023-09-03 12:15:39,25922.52,25922.51,25919.99,25916.67,-2.529999999998836
2023-09-03 12:15:41,25922.52,25922.51,25920.0,25916.68,-2.5200000000004366
2023-09-03 12:15:42,25922.52,25922.51,25920.0,25916.03,-2.5200000000004366
2023-09-03 12:15:45,25922.52,25922.51,25919.99,25916.65,-2.529999999998836
2023-09-03 12:15:47,25922.52,25922.51,25919.91,25916.65,-2.610000000000582
2023-09-03 12:15:49,25922.52,25922.51,25919.74,25916.18,-2.779999999998836
2023-09-03 12:15:51,25922.58,25922.57,25920.8,25917.09,-1.7800000000024738
2023-09-03 12:15:53,25922.58,25922.57,25920.8,25917.44,-1.7800000000024738
2023-09-03 12:15:55,25922.58,25922.57,25920.74,25917.46,-1.8400000000001455
2023-09-03 12:15:56,25922.58,25922.57,25920.37,25917.47,-2.210000000002765
2023-09-03 12:15:58,25922.58,25922.57,25920.57,25917.52,-2.0100000000020373
2023-09-03 12:16:00,25922.58,25922.57,25920.63,25917.55,-1.9500000000007276
2023-09-03 12:16:02,25922.58,25922.57,25920.06,25917.55,-2.5200000000004366
2023-09-03 12:16:03,25922.58,25922.57,25919.88,25916.26,-2.7000000000007276
2023-09-03 12:16:05,25922.58,25922.57,25919.9,25916.34,-2.680000000000291
2023-09-03 12:16:08,25922.58,25922.57,25919.96,25916.34,-2.6200000000026193
2023-09-03 12:16:10,25922.52,25922.51,25916.6,25915.3,-5.920000000001892
2023-09-03 12:16:12,25920.22,25920.21,25918.0,25915.31,-2.220000000001164
2023-09-03 12:16:15,25920.22,25920.21,25918.6,25915.32,-1.6200000000026193
2023-09-03 12:16:16,25920.22,25920.21,25918.5,25915.35,-1.7200000000011642
2023-09-03 12:16:18,25920.22,25920.21,25919.02,25915.35,-1.2000000000007276
2023-09-03 12:16:20,25920.22,25920.21,25919.39,25915.35,-0.8300000000017462
2023-09-03 12:16:21,25920.22,25920.21,25919.22,25915.35,-1.0
2023-09-03 12:16:23,25920.22,25920.21,25918.54,25915.35,-1.680000000000291
2023-09-03 12:16:25,25920.22,25920.21,25918.88,25915.35,-1.3400000000001455
2023-09-03 12:16:27,25920.22,25920.21,25919.23,25915.35,-0.9900000000016007
2023-09-03 12:16:30,25920.22,25920.21,25918.56,25915.35,-1.6599999999998545
2023-09-03 12:16:31,25920.22,25920.21,25918.51,25915.35,-1.7100000000027649
2023-09-03 12:16:33,25920.22,25920.21,25919.1,25915.35,-1.1200000000026193
2023-09-03 12:16:35,25920.22,25920.21,25919.39,25915.59,-0.8300000000017462
2023-09-03 12:16:37,25920.22,25920.21,25919.26,25915.59,-0.9600000000027649
2023-09-03 12:16:39,25920.22,25920.21,25919.26,25915.59,-0.9600000000027649
2023-09-03 12:16:41,25920.22,25920.21,25919.06,25915.59,-1.1599999999998545
2023-09-03 12:16:42,25920.22,25920.21,25918.78,25915.59,-1.4400000000023283
2023-09-03 12:16:44,25920.22,25920.21,25918.59,25915.59,-1.6300000000010186
2023-09-03 12:16:46,25921.52,25921.51,25919.99,25916.08,-1.5299999999988358
2023-09-03 12:16:47,25921.52,25921.51,25919.99,25916.29,-1.5299999999988358
2023-09-03 12:16:49,25921.52,25921.51,25919.9,25916.47,-1.6199999999989814
2023-09-03 12:16:50,25921.52,25921.51,25919.86,25916.47,-1.6599999999998545
2023-09-03 12:16:52,25921.52,25921.51,25919.69,25916.47,-1.8300000000017462
2023-09-03 12:16:54,25921.52,25921.51,25919.74,25916.47,-1.7799999999988358
2023-09-03 12:16:57,25922.52,25922.51,25920.75,25916.09,-1.7700000000004366
2023-09-03 12:16:59,25922.52,25922.51,25920.22,25916.09,-2.2999999999992724
2023-09-03 12:17:01,25922.52,25922.51,25919.34,25916.09,-3.180000000000291
2023-09-03 12:17:03,25922.55,25922.51,25920.71,25918.19,-1.8400000000001455
2023-09-03 12:17:05,25922.52,25922.51,25920.71,25918.01,-1.8100000000013097
2023-09-03 12:17:06,25922.52,25922.51,25920.65,25918.01,-1.8699999999989814
2023-09-03 12:17:08,25922.52,25922.51,25920.67,25918.01,-1.8500000000021828
2023-09-03 12:17:10,25922.52,25922.51,25920.41,25918.01,-2.110000000000582
2023-09-03 12:17:12,25922.52,25922.51,25920.51,25918.01,-2.0100000000020373
2023-09-03 12:17:14,25922.52,25922.51,25920.47,25918.02,-2.0499999999992724
2023-09-03 12:17:16,25922.52,25922.51,25920.55,25918.02,-1.9700000000011642
2023-09-03 12:17:19,25922.52,25922.51,25920.49,25918.02,-2.029999999998836
2023-09-03 12:17:20,25922.52,25922.51,25920.42,25918.02,-2.100000000002183
2023-09-03 12:17:22,25922.52,25922.51,25920.58,25918.02,-1.9399999999986903
2023-09-03 12:17:23,25922.52,25922.51,25920.58,25918.02,-1.9399999999986903
2023-09-03 12:17:25,25922.52,25922.51,25920.58,25918.02,-1.9399999999986903
2023-09-03 12:17:27,25922.52,25922.51,25920.67,25918.02,-1.8500000000021828
2023-09-03 12:17:29,25922.52,25922.51,25920.45,25918.02,-2.069999999999709
2023-09-03 12:17:31,25922.52,25922.51,25920.53,25918.02,-1.9900000000016007
2023-09-03 12:17:33,25922.52,25922.51,25920.57,25918.02,-1.9500000000007276
2023-09-03 12:17:35,25922.52,25922.51,25920.59,25918.02,-1.930000000000291
2023-09-03 12:17:37,25922.52,25922.51,25920.63,25918.02,-1.889999999999418
2023-09-03 12:17:39,25922.52,25922.51,25920.97,25918.02,-1.5499999999992724
2023-09-03 12:17:41,25922.52,25922.51,25920.79,25918.02,-1.7299999999995634
2023-09-03 12:17:43,25922.52,25922.51,25920.83,25918.02,-1.6899999999986903
2023-09-03 12:17:45,25922.52,25922.51,25920.91,25918.02,-1.610000000000582
2023-09-03 12:17:47,25922.52,25922.51,25920.99,25918.02,-1.5299999999988358
2023-09-03 12:17:49,25922.52,25922.51,25920.98,25918.02,-1.5400000000008731
2023-09-03 12:17:51,25922.52,25922.51,25920.83,25918.02,-1.6899999999986903
2023-09-03 12:17:54,25922.52,25922.51,25920.69,25918.02,-1.8300000000017462
2023-09-03 12:17:56,25922.52,25922.51,25920.53,25918.02,-1.9900000000016007
2023-09-03 12:17:57,25922.52,25922.51,25920.54,25918.02,-1.9799999999995634
2023-09-03 12:17:59,25922.52,25922.51,25920.57,25918.02,-1.9500000000007276
2023-09-03 12:18:01,25922.52,25922.51,25920.55,25918.02,-1.9700000000011642
2023-09-03 12:18:02,25922.52,25922.51,25920.58,25918.02,-1.9399999999986903
2023-09-03 12:18:05,25922.52,25922.51,25920.18,25918.02,-2.3400000000001455
2023-09-03 12:18:07,25922.52,25922.51,25920.58,25918.03,-1.9399999999986903
2023-09-03 12:18:09,25922.52,25922.51,25920.55,25918.03,-1.9700000000011642
2023-09-03 12:18:11,25922.52,25922.51,25920.58,25918.03,-1.9399999999986903
2023-09-03 12:18:13,25922.52,25922.51,25920.54,25918.03,-1.9799999999995634
2023-09-03 12:18:15,25922.52,25922.51,25920.58,25918.03,-1.9399999999986903
2023-09-03 12:18:17,25922.52,25922.51,25920.53,25918.03,-1.9900000000016007
2023-09-03 12:18:19,25922.52,25922.51,25920.58,25918.03,-1.9399999999986903
2023-09-03 12:18:21,25922.52,25922.51,25920.55,25918.03,-1.9700000000011642
2023-09-03 12:18:23,25922.52,25922.51,25920.48,25918.03,-2.040000000000873
2023-09-03 12:18:25,25922.52,25922.51,25920.58,25918.03,-1.9399999999986903
2023-09-03 12:18:26,25922.52,25922.51,25920.54,25918.03,-1.9799999999995634
2023-09-03 12:18:29,25922.52,25922.51,25920.44,25918.03,-2.0800000000017462
2023-09-03 12:18:30,25922.52,25922.51,25920.44,25918.03,-2.0800000000017462
2023-09-03 12:18:32,25922.52,25922.51,25920.2,25918.03,-2.319999999999709
2023-09-03 12:18:34,25922.52,25922.51,25920.07,25918.03,-2.4500000000007276
2023-09-03 12:18:36,25922.52,25922.51,25920.07,25918.03,-2.4500000000007276
2023-09-03 12:18:38,25922.52,25922.51,25919.99,25918.03,-2.529999999998836
2023-09-03 12:18:40,25922.52,25922.51,25919.99,25918.03,-2.529999999998836
2023-09-03 12:18:42,25922.52,25922.51,25919.98,25918.03,-2.540000000000873
2023-09-03 12:18:44,25922.52,25922.51,25919.98,25918.03,-2.540000000000873
2023-09-03 12:18:45,25922.52,25922.51,25919.98,25918.03,-2.540000000000873
2023-09-03 12:18:47,25922.52,25922.51,25918.28,25916.0,-4.240000000001601
2023-09-03 12:18:50,25922.52,25922.51,25918.28,25916.0,-4.240000000001601
2023-09-03 12:18:51,25922.52,25922.51,25918.28,25916.0,-4.240000000001601
2023-09-03 12:18:53,25922.52,25922.51,25918.28,25916.0,-4.240000000001601
2023-09-03 12:18:55,25922.52,25922.51,25918.28,25916.0,-4.240000000001601
2023-09-03 12:18:57,25922.52,25922.51,25918.28,25916.0,-4.240000000001601
2023-09-03 12:18:59,25922.52,25922.51,25918.28,25916.0,-4.240000000001601
2023-09-03 12:19:00,25922.52,25922.51,25918.28,25916.0,-4.240000000001601
2023-09-03 12:19:03,25922.52,25922.51,25919.71,25916.0,-2.8100000000013097
2023-09-03 12:19:04,25922.52,25922.51,25919.09,25916.0,-3.430000000000291
2023-09-03 12:19:06,25922.52,25922.51,25919.75,25916.0,-2.7700000000004366
2023-09-03 12:19:08,25922.52,25922.51,25919.02,25916.01,-3.5
2023-09-03 12:19:10,25922.52,25922.51,25919.01,25916.0,-3.5100000000020373
2023-09-03 12:19:12,25922.52,25922.51,25919.01,25916.0,-3.5100000000020373
2023-09-03 12:19:13,25922.52,25922.51,25919.01,25916.0,-3.5100000000020373
2023-09-03 12:19:15,25922.52,25922.51,25919.01,25916.0,-3.5100000000020373
2023-09-03 12:19:17,25922.52,25922.51,25919.01,25916.0,-3.5100000000020373
2023-09-03 12:19:19,25922.52,25922.51,25919.01,25916.0,-3.5100000000020373
2023-09-03 12:19:20,25922.52,25922.51,25919.01,25916.0,-3.5100000000020373
2023-09-03 12:19:22,25922.52,25922.51,25919.01,25916.0,-3.5100000000020373
2023-09-03 12:19:24,25922.52,25922.51,25919.97,25916.01,-2.5499999999992724
2023-09-03 12:19:26,25922.52,25922.51,25919.54,25916.01,-2.9799999999995634
2023-09-03 12:19:28,25922.52,25922.51,25919.36,25916.01,-3.1599999999998545
2023-09-03 12:19:30,25922.52,25922.51,25919.36,25916.01,-3.1599999999998545
2023-09-03 12:19:32,25922.52,25922.51,25919.36,25916.01,-3.1599999999998545
2023-09-03 12:19:34,25922.52,25922.51,25919.35,25916.01,-3.1700000000018917
2023-09-03 12:19:36,25922.52,25922.51,25919.35,25916.01,-3.1700000000018917
2023-09-03 12:19:38,25922.52,25922.51,25919.36,25916.01,-3.1599999999998545
2023-09-03 12:19:39,25922.52,25922.51,25919.36,25916.01,-3.1599999999998545
2023-09-03 12:19:41,25922.52,25922.51,25919.36,25916.01,-3.1599999999998545
2023-09-03 12:19:42,25922.52,25922.51,25919.36,25916.01,-3.1599999999998545
2023-09-03 12:19:44,25922.52,25922.51,25919.36,25916.01,-3.1599999999998545
2023-09-03 12:19:46,25922.52,25922.51,25919.36,25916.01,-3.1599999999998545
2023-09-03 12:19:48,25922.52,25922.51,25919.36,25916.01,-3.1599999999998545
2023-09-03 12:19:49,25922.52,25922.51,25919.36,25916.01,-3.1599999999998545
2023-09-03 12:19:52,25922.52,25922.51,25919.36,25916.01,-3.1599999999998545
2023-09-03 12:19:53,25922.52,25922.51,25919.34,25916.01,-3.180000000000291
2023-09-03 12:19:55,25922.52,25922.51,25919.4,25916.01,-3.1199999999989814
2023-09-03 12:19:56,25922.52,25922.51,25919.43,25916.01,-3.0900000000001455
2023-09-03 12:19:59,25922.52,25922.51,25919.47,25916.01,-3.0499999999992724
2023-09-03 12:20:01,25922.52,25922.51,25919.47,25916.02,-3.0499999999992724
2023-09-03 12:20:03,25922.52,25922.51,25919.46,25916.01,-3.0600000000013097
2023-09-03 12:20:05,25922.52,25922.51,25919.41,25916.01,-3.110000000000582
2023-09-03 12:20:06,25922.52,25922.51,25919.33,25916.01,-3.1899999999986903
2023-09-03 12:20:08,25922.52,25922.51,25919.17,25916.01,-3.350000000002183
2023-09-03 12:20:10,25922.52,25922.51,25919.47,25916.01,-3.0499999999992724
2023-09-03 12:20:11,25922.52,25922.51,25919.45,25916.01,-3.069999999999709
2023-09-03 12:20:13,25922.52,25922.51,25919.45,25916.01,-3.069999999999709
2023-09-03 12:20:15,25922.52,25922.51,25919.29,25916.01,-3.2299999999995634
2023-09-03 12:20:17,25922.52,25922.51,25920.53,25916.7,-1.9900000000016007
2023-09-03 12:20:19,25922.52,25922.51,25920.53,25916.95,-1.9900000000016007
2023-09-03 12:20:21,25922.52,25922.51,25920.53,25916.34,-1.9900000000016007
2023-09-03 12:20:22,25922.52,25922.51,25920.53,25916.87,-1.9900000000016007
2023-09-03 12:20:24,25922.52,25922.51,25920.53,25916.57,-1.9900000000016007
2023-09-03 12:20:25,25922.52,25922.51,25920.53,25916.45,-1.9900000000016007
2023-09-03 12:20:27,25922.52,25922.51,25920.53,25916.49,-1.9900000000016007
2023-09-03 12:20:29,25922.52,25922.51,25920.53,25916.65,-1.9900000000016007
2023-09-03 12:20:30,25922.52,25922.51,25920.53,25916.83,-1.9900000000016007
2023-09-03 12:20:32,25922.52,25922.51,25920.53,25916.83,-1.9900000000016007
2023-09-03 12:20:33,25922.52,25922.51,25920.53,25916.83,-1.9900000000016007
2023-09-03 12:20:36,25922.52,25922.51,25920.5,25916.36,-2.0200000000004366
2023-09-03 12:20:37,25922.52,25922.51,25920.28,25916.37,-2.2400000000016007
2023-09-03 12:20:39,25922.52,25922.51,25920.28,25916.37,-2.2400000000016007
2023-09-03 12:20:41,25922.52,25922.51,25920.18,25916.37,-2.3400000000001455
2023-09-03 12:20:43,25922.52,25922.51,25919.82,25916.16,-2.7000000000007276
2023-09-03 12:20:44,25922.52,25922.51,25919.83,25916.16,-2.6899999999986903
2023-09-03 12:20:46,25922.52,25922.51,25919.89,25916.16,-2.6300000000010186
2023-09-03 12:20:47,25922.52,25922.51,25919.93,25916.16,-2.5900000000001455
2023-09-03 12:20:50,25922.52,25922.51,25919.85,25916.16,-2.6700000000018917
2023-09-03 12:20:52,25922.52,25922.51,25919.87,25916.16,-2.650000000001455
2023-09-03 12:20:53,25922.52,25922.51,25919.87,25916.28,-2.650000000001455
2023-09-03 12:20:55,25922.52,25922.51,25919.87,25916.47,-2.650000000001455
2023-09-03 12:20:57,25922.52,25922.51,25919.57,25916.47,-2.9500000000007276
2023-09-03 12:20:58,25922.52,25922.51,25919.71,25916.48,-2.8100000000013097
2023-09-03 12:21:00,25922.52,25922.51,25919.86,25916.49,-2.6599999999998545
2023-09-03 12:21:02,25922.52,25922.51,25919.87,25916.52,-2.650000000001455
2023-09-03 12:21:04,25922.52,25922.51,25919.59,25916.54,-2.930000000000291
2023-09-03 12:21:06,25922.52,25922.51,25919.45,25916.55,-3.069999999999709
2023-09-03 12:21:08,25922.52,25922.51,25919.62,25916.16,-2.900000000001455
2023-09-03 12:21:10,25922.52,25922.51,25919.28,25916.16,-3.2400000000016007
2023-09-03 12:21:13,25922.52,25922.51,25919.42,25916.16,-3.100000000002183
2023-09-03 12:21:14,25922.52,25922.51,25919.46,25916.16,-3.0600000000013097
2023-09-03 12:21:16,25922.52,25922.51,25919.45,25916.16,-3.069999999999709
2023-09-03 12:21:17,25922.52,25922.51,25919.45,25916.16,-3.069999999999709
2023-09-03 12:21:19,25922.52,25922.51,25919.45,25916.16,-3.069999999999709
2023-09-03 12:21:20,25922.52,25922.51,25919.45,25916.16,-3.069999999999709
2023-09-03 12:21:22,25922.52,25922.51,25919.45,25916.16,-3.069999999999709
2023-09-03 12:21:23,25922.52,25922.51,25919.45,25916.16,-3.069999999999709
2023-09-03 12:21:25,25922.52,25922.51,25919.45,25916.16,-3.069999999999709
2023-09-03 12:21:26,25922.52,25922.51,25919.45,25916.16,-3.069999999999709
2023-09-03 12:21:28,25922.52,25922.51,25916.42,25914.39,-6.100000000002183
2023-09-03 12:21:29,25922.52,25922.51,25916.42,25914.3,-6.100000000002183
2023-09-03 12:21:31,25922.52,25922.51,25916.42,25914.3,-6.100000000002183
2023-09-03 12:21:32,25922.52,25922.51,25916.42,25914.4,-6.100000000002183
2023-09-03 12:21:34,25922.52,25922.51,25916.42,25914.61,-6.100000000002183
2023-09-03 12:21:36,25922.52,25922.51,25916.42,25914.4,-6.100000000002183
2023-09-03 12:21:37,25920.51,25920.5,25916.09,25914.1,-4.419999999998254
2023-09-03 12:21:39,25920.51,25920.5,25916.42,25914.1,-4.0900000000001455
2023-09-03 12:21:40,25920.01,25920.0,25916.42,25914.1,-3.5900000000001455
2023-09-03 12:21:42,25920.01,25920.0,25916.42,25914.1,-3.5900000000001455
2023-09-03 12:21:43,25920.01,25920.0,25916.42,25914.1,-3.5900000000001455
2023-09-03 12:21:45,25920.01,25920.0,25916.42,25914.1,-3.5900000000001455
2023-09-03 12:21:46,25920.01,25920.0,25916.42,25914.1,-3.5900000000001455
2023-09-03 12:21:48,25920.01,25920.0,25916.42,25914.1,-3.5900000000001455
2023-09-03 12:21:50,25919.88,25919.87,25917.08,25914.1,-2.7999999999992724
2023-09-03 12:21:52,25919.88,25919.87,25917.08,25914.1,-2.7999999999992724
2023-09-03 12:21:53,25919.88,25919.87,25917.08,25914.1,-2.7999999999992724
2023-09-03 12:21:55,25919.37,25919.36,25917.08,25914.1,-2.289999999997235
2023-09-03 12:21:56,25919.37,25919.36,25917.08,25914.1,-2.289999999997235
2023-09-03 12:21:58,25919.37,25919.36,25917.08,25914.1,-2.289999999997235
2023-09-03 12:21:59,25919.37,25919.36,25916.0,25913.6,-3.3699999999989814
2023-09-03 12:22:01,25919.37,25919.36,25916.0,25913.6,-3.3699999999989814
2023-09-03 12:22:03,25919.37,25919.36,25916.0,25913.6,-3.3699999999989814
2023-09-03 12:22:05,25916.44,25916.43,25916.0,25913.6,-0.4399999999986903
2023-09-03 12:22:08,25916.44,25916.43,25913.77,25912.7,-2.6699999999982538
2023-09-03 12:22:10,25916.44,25916.43,25913.71,25910.5,-2.7299999999995634
2023-09-03 12:22:11,25916.44,25916.43,25912.9,25910.49,-3.539999999997235
2023-09-03 12:22:13,25916.44,25916.43,25912.59,25910.49,-3.849999999998545
2023-09-03 12:22:15,25916.44,25916.43,25912.59,25910.49,-3.849999999998545
2023-09-03 12:22:17,25916.44,25916.43,25912.59,25910.49,-3.849999999998545
2023-09-03 12:22:19,25916.44,25916.43,25912.52,25910.49,-3.9199999999982538
2023-09-03 12:22:20,25916.44,25916.43,25913.67,25910.5,-2.7700000000004366
2023-09-03 12:22:22,25916.44,25916.43,25913.61,25910.5,-2.8299999999981083
2023-09-03 12:22:23,25916.44,25916.43,25913.72,25910.51,-2.719999999997526
2023-09-03 12:22:25,25916.44,25916.43,25913.7,25910.51,-2.7399999999979627
2023-09-03 12:22:27,25916.44,25916.43,25913.86,25910.51,-2.5799999999981083
2023-09-03 12:22:29,25916.14,25916.13,25913.82,25910.51,-2.319999999999709
2023-09-03 12:22:31,25916.14,25916.13,25913.78,25910.51,-2.360000000000582
2023-09-03 12:22:33,25916.14,25916.13,25913.93,25910.51,-2.209999999999127
2023-09-03 12:22:35,25916.14,25916.13,25913.91,25910.52,-2.2299999999995634
2023-09-03 12:22:36,25916.14,25916.13,25913.97,25910.52,-2.1699999999982538
2023-09-03 12:22:38,25916.14,25916.13,25913.11,25910.52,-3.029999999998836
2023-09-03 12:22:39,25915.76,25915.75,25913.11,25910.52,-2.649999999997817
2023-09-03 12:22:41,25915.76,25915.75,25913.67,25910.54,-2.0900000000001455
2023-09-03 12:22:42,25915.76,25915.75,25913.72,25910.54,-2.039999999997235
2023-09-03 12:22:45,25915.76,25915.75,25913.68,25910.54,-2.0799999999981083
2023-09-03 12:22:46,25915.76,25915.75,25913.73,25910.54,-2.029999999998836
2023-09-03 12:22:48,25915.76,25915.75,25913.46,25910.54,-2.2999999999992724
2023-09-03 12:22:50,25915.76,25915.75,25913.73,25910.55,-2.029999999998836
2023-09-03 12:22:52,25915.76,25915.75,25913.69,25910.55,-2.069999999999709
2023-09-03 12:22:53,25915.76,25915.75,25913.73,25910.55,-2.029999999998836
2023-09-03 12:22:56,25915.76,25915.75,25913.71,25910.54,-2.0499999999992724
2023-09-03 12:22:58,25915.76,25915.75,25913.71,25910.54,-2.0499999999992724
2023-09-03 12:23:00,25915.76,25915.75,25913.71,25910.55,-2.0499999999992724
2023-09-03 12:23:01,25915.76,25915.75,25913.65,25910.54,-2.109999999996944
2023-09-03 12:23:03,25915.76,25915.75,25913.63,25910.54,-2.1299999999973807
2023-09-03 12:23:05,25915.76,25915.75,25913.63,25910.54,-2.1299999999973807
2023-09-03 12:23:07,25915.76,25915.75,25913.63,25910.54,-2.1299999999973807
2023-09-03 12:23:09,25915.76,25915.75,25915.92,25911.61,0.15999999999985448
2023-09-03 12:23:11,25915.76,25915.75,25916.48,25912.46,0.7200000000011642
2023-09-03 12:23:12,25915.76,25915.75,25916.47,25912.46,0.7100000000027649
2023-09-03 12:23:14,25915.76,25915.75,25916.48,25912.46,0.7200000000011642
2023-09-03 12:23:16,25915.76,25915.75,25912.72,25910.78,-3.039999999997235
2023-09-03 12:23:18,25915.76,25915.75,25912.72,25910.55,-3.039999999997235
2023-09-03 12:23:19,25915.76,25915.75,25912.72,25910.55,-3.039999999997235
2023-09-03 12:23:21,25915.76,25915.75,25912.72,25910.55,-3.039999999997235
2023-09-03 12:23:23,25915.76,25915.75,25912.72,25910.54,-3.039999999997235
2023-09-03 12:23:25,25915.76,25915.75,25912.72,25910.54,-3.039999999997235
2023-09-03 12:23:27,25915.76,25915.75,25913.99,25910.58,-1.7699999999967986
2023-09-03 12:23:29,25915.76,25915.75,25913.99,25910.57,-1.7699999999967986
2023-09-03 12:23:31,25915.76,25915.75,25913.99,25910.57,-1.7699999999967986
2023-09-03 12:23:32,25915.76,25915.75,25913.98,25910.55,-1.7799999999988358
2023-09-03 12:23:34,25915.76,25915.75,25913.99,25910.57,-1.7699999999967986
2023-09-03 12:23:35,25915.76,25915.75,25913.99,25910.57,-1.7699999999967986
2023-09-03 12:23:37,25915.76,25915.75,25913.96,25910.55,-1.7999999999992724
2023-09-03 12:23:38,25915.76,25915.75,25913.99,25910.55,-1.7699999999967986
2023-09-03 12:23:40,25915.76,25915.75,25913.99,25910.55,-1.7699999999967986
2023-09-03 12:23:42,25915.76,25915.75,25913.95,25910.55,-1.8099999999976717
2023-09-03 12:23:44,25915.76,25915.75,25913.99,25910.55,-1.7699999999967986
2023-09-03 12:23:45,25915.76,25915.75,25913.97,25910.55,-1.7899999999972351
2023-09-03 12:23:47,25915.76,25915.75,25913.99,25910.55,-1.7699999999967986
2023-09-03 12:23:48,25915.76,25915.75,25913.95,25910.55,-1.8099999999976717
2023-09-03 12:23:51,25915.76,25915.75,25913.95,25910.55,-1.8099999999976717
2023-09-03 12:23:53,25915.76,25915.75,25913.97,25910.55,-1.7899999999972351
2023-09-03 12:23:54,25915.76,25915.75,25913.99,25910.55,-1.7699999999967986
2023-09-03 12:23:56,25915.76,25915.75,25913.97,25910.55,-1.7899999999972351
2023-09-03 12:23:57,25915.76,25915.75,25913.95,25910.55,-1.8099999999976717
2023-09-03 12:23:59,25915.76,25915.75,25913.94,25910.55,-1.819999999999709
2023-09-03 12:24:01,25915.2,25915.19,25910.5,25910.0,-4.700000000000728
2023-09-03 12:24:02,25914.96,25914.95,25910.5,25910.0,-4.459999999999127
2023-09-03 12:24:04,25914.78,25914.77,25910.5,25910.0,-4.279999999998836
2023-09-03 12:24:06,25914.78,25914.77,25910.5,25909.88,-4.279999999998836
2023-09-03 12:24:08,25914.6,25914.59,25912.86,25909.88,-1.7399999999979627
2023-09-03 12:24:09,25913.83,25913.82,25912.65,25909.88,-1.180000000000291
2023-09-03 12:24:11,25913.65,25913.64,25912.64,25909.88,-1.0100000000020373
2023-09-03 12:24:12,25913.65,25913.64,25912.64,25909.88,-1.0100000000020373
2023-09-03 12:24:14,25913.65,25913.64,25912.64,25909.88,-1.0100000000020373
2023-09-03 12:24:15,25913.65,25913.64,25912.64,25909.88,-1.0100000000020373
2023-09-03 12:24:17,25913.65,25913.64,25912.64,25909.88,-1.0100000000020373
2023-09-03 12:24:18,25913.65,25913.64,25912.64,25909.88,-1.0100000000020373
2023-09-03 12:24:20,25913.65,25913.64,25912.63,25909.88,-1.0200000000004366
2023-09-03 12:24:22,25913.65,25913.64,25912.89,25909.88,-0.7600000000020373
2023-09-03 12:24:24,25913.65,25913.64,25912.89,25909.88,-0.7600000000020373
2023-09-03 12:24:25,25913.65,25913.64,25912.89,25909.88,-0.7600000000020373
2023-09-03 12:24:27,25913.65,25913.64,25912.89,25909.88,-0.7600000000020373
2023-09-03 12:24:29,25913.65,25913.64,25912.87,25909.88,-0.7800000000024738
2023-09-03 12:24:30,25913.65,25913.64,25912.88,25909.88,-0.7700000000004366
2023-09-03 12:24:32,25913.65,25913.64,25912.9,25909.88,-0.75
2023-09-03 12:24:34,25913.65,25913.64,25912.87,25909.88,-0.7800000000024738
2023-09-03 12:24:36,25913.65,25913.64,25912.88,25909.88,-0.7700000000004366
2023-09-03 12:24:37,25913.65,25913.64,25912.88,25909.88,-0.7700000000004366
2023-09-03 12:24:39,25913.65,25913.64,25912.88,25909.88,-0.7700000000004366
2023-09-03 12:24:41,25913.65,25913.64,25912.88,25909.88,-0.7700000000004366
2023-09-03 12:24:43,25913.65,25913.64,25912.88,25909.88,-0.7700000000004366
2023-09-03 12:24:44,25913.65,25913.64,25912.88,25909.88,-0.7700000000004366
2023-09-03 12:24:46,25913.65,25913.64,25912.88,25909.88,-0.7700000000004366
2023-09-03 12:24:47,25913.65,25913.64,25912.88,25909.88,-0.7700000000004366
2023-09-03 12:24:49,25913.65,25913.64,25912.88,25909.88,-0.7700000000004366
2023-09-03 12:24:51,25913.65,25913.64,25912.87,25909.88,-0.7800000000024738
2023-09-03 12:24:52,25913.65,25913.64,25912.88,25909.88,-0.7700000000004366
2023-09-03 12:24:54,25913.65,25913.64,25912.88,25909.88,-0.7700000000004366
2023-09-03 12:24:55,25913.65,25913.64,25912.9,25909.88,-0.75
2023-09-03 12:24:57,25913.65,25913.64,25912.88,25909.88,-0.7700000000004366
2023-09-03 12:24:59,25913.65,25913.64,25912.88,25909.88,-0.7700000000004366
2023-09-03 12:25:00,25913.65,25913.64,25914.0,25910.16,0.3499999999985448
2023-09-03 12:25:02,25913.65,25913.64,25913.52,25910.41,-0.13000000000101863
2023-09-03 12:25:04,25913.65,25913.64,25913.52,25910.41,-0.13000000000101863
2023-09-03 12:25:06,25913.65,25913.64,25913.21,25910.01,-0.4400000000023283
2023-09-03 12:25:08,25913.65,25913.64,25913.67,25910.01,0.01999999999679858
2023-09-03 12:25:10,25913.65,25913.64,25913.67,25910.01,0.01999999999679858
2023-09-03 12:25:11,25913.65,25913.64,25913.57,25910.01,-0.08000000000174623
2023-09-03 12:25:14,25913.65,25913.64,25913.55,25910.01,-0.10000000000218279
2023-09-03 12:25:15,25913.65,25913.64,25913.45,25910.01,-0.2000000000007276
2023-09-03 12:25:18,25913.65,25913.64,25913.45,25910.01,-0.2000000000007276
2023-09-03 12:25:19,25913.65,25913.64,25913.45,25910.01,-0.2000000000007276
2023-09-03 12:25:21,25913.68,25913.64,25914.84,25910.14,1.1599999999998545
2023-09-03 12:25:22,25913.65,25913.64,25914.97,25910.02,1.319999999999709
2023-09-03 12:25:24,25913.65,25913.64,25915.0,25910.0,1.3499999999985448
2023-09-03 12:25:25,25913.65,25913.64,25914.97,25910.11,1.319999999999709
2023-09-03 12:25:27,25913.65,25913.64,25915.04,25910.01,1.389999999999418
2023-09-03 12:25:29,25913.65,25913.64,25915.04,25910.0,1.389999999999418
2023-09-03 12:25:31,25913.65,25913.64,25915.04,25910.0,1.389999999999418
2023-09-03 12:25:32,25913.65,25913.64,25915.02,25910.0,1.3699999999989814
2023-09-03 12:25:35,25913.65,25913.64,25915.0,25910.01,1.3499999999985448
2023-09-03 12:25:36,25913.65,25913.64,25915.04,25910.15,1.389999999999418
2023-09-03 12:25:38,25913.65,25913.64,25915.0,25910.42,1.3499999999985448
2023-09-03 12:25:39,25913.65,25913.64,25915.04,25910.05,1.389999999999418
2023-09-03 12:25:41,25913.65,25913.64,25915.04,25910.05,1.389999999999418
2023-09-03 12:25:42,25913.65,25913.64,25915.04,25910.31,1.389999999999418
2023-09-03 12:25:44,25913.65,25913.64,25915.04,25910.79,1.389999999999418
2023-09-03 12:25:46,25913.65,25913.64,25914.93,25911.15,1.2799999999988358
2023-09-03 12:25:48,25913.65,25913.64,25914.6,25911.28,0.9499999999970896
2023-09-03 12:25:49,25913.65,25913.64,25914.89,25911.35,1.2399999999979627
2023-09-03 12:25:52,25913.65,25913.64,25915.02,25911.37,1.3699999999989814
2023-09-03 12:25:53,25913.65,25913.64,25915.02,25911.37,1.3699999999989814
2023-09-03 12:25:55,25913.65,25913.64,25915.02,25911.37,1.3699999999989814
2023-09-03 12:25:57,25913.65,25913.64,25914.67,25911.37,1.0199999999967986
2023-09-03 12:25:59,25917.03,25917.02,25917.9,25914.47,0.8700000000026193
2023-09-03 12:26:00,25917.03,25917.02,25918.96,25914.7,1.930000000000291
2023-09-03 12:26:03,25917.03,25917.02,25918.86,25914.82,1.8300000000017462
2023-09-03 12:26:05,25917.03,25917.02,25918.94,25914.82,1.9099999999998545
2023-09-03 12:26:06,25917.03,25917.02,25918.92,25914.82,1.889999999999418
2023-09-03 12:26:08,25917.03,25917.02,25918.97,25914.82,1.9400000000023283
2023-09-03 12:26:10,25917.03,25917.02,25917.96,25914.82,0.930000000000291
2023-09-03 12:26:12,25917.03,25917.02,25917.78,25914.82,0.75
2023-09-03 12:26:14,25917.03,25917.02,25917.98,25914.83,0.9500000000007276
2023-09-03 12:26:17,25917.03,25917.02,25917.98,25914.83,0.9500000000007276
2023-09-03 12:26:18,25917.03,25917.02,25917.87,25914.82,0.8400000000001455
2023-09-03 12:26:20,25917.03,25917.02,25917.82,25914.83,0.7900000000008731
2023-09-03 12:26:21,25917.03,25917.02,25917.87,25914.82,0.8400000000001455
2023-09-03 12:26:23,25917.03,25917.02,25917.87,25914.83,0.8400000000001455
2023-09-03 12:26:25,25917.03,25917.02,25917.95,25914.84,0.9200000000018917
2023-09-03 12:26:27,25917.03,25917.02,25917.94,25914.84,0.9099999999998545
2023-09-03 12:26:29,25917.03,25917.02,25917.89,25914.82,0.8600000000005821
2023-09-03 12:26:30,25917.03,25917.02,25917.82,25914.82,0.7900000000008731
2023-09-03 12:26:32,25917.03,25917.02,25917.92,25914.84,0.8899999999994179
2023-09-03 12:26:33,25917.03,25917.02,25917.84,25914.85,0.8100000000013097
2023-09-03 12:26:35,25917.03,25917.02,25917.39,25914.84,0.3600000000005821
2023-09-03 12:26:37,25917.03,25917.02,25914.97,25912.0,-2.0599999999976717
2023-09-03 12:26:39,25917.03,25917.02,25915.08,25912.0,-1.9499999999970896
2023-09-03 12:26:40,25917.03,25917.02,25917.64,25913.79,0.6100000000005821
2023-09-03 12:26:42,25917.03,25917.02,25917.64,25913.79,0.6100000000005821
2023-09-03 12:26:43,25917.03,25917.02,25917.64,25913.8,0.6100000000005821
2023-09-03 12:26:45,25917.03,25917.02,25917.65,25913.8,0.6200000000026193
2023-09-03 12:26:46,25917.03,25917.02,25917.65,25913.8,0.6200000000026193
2023-09-03 12:26:48,25917.03,25917.02,25917.65,25913.8,0.6200000000026193
2023-09-03 12:26:51,25917.03,25917.02,25917.64,25913.8,0.6100000000005821
2023-09-03 12:26:52,25917.03,25917.02,25917.64,25913.81,0.6100000000005821
2023-09-03 12:26:55,25917.03,25917.02,25917.64,25913.81,0.6100000000005821
2023-09-03 12:26:56,25917.03,25917.02,25917.62,25913.82,0.5900000000001455
2023-09-03 12:26:58,25917.03,25917.02,25917.62,25913.82,0.5900000000001455
2023-09-03 12:26:59,25917.03,25917.02,25917.62,25913.82,0.5900000000001455
2023-09-03 12:27:01,25917.03,25917.02,25917.6,25913.83,0.569999999999709
2023-09-03 12:27:02,25917.03,25917.02,25917.6,25913.83,0.569999999999709
2023-09-03 12:27:04,25917.03,25917.02,25917.6,25913.83,0.569999999999709
2023-09-03 12:27:05,25917.03,25917.02,25917.6,25913.83,0.569999999999709
2023-09-03 12:27:07,25917.03,25917.02,25917.59,25913.84,0.5600000000013097
2023-09-03 12:27:09,25917.03,25917.02,25917.59,25913.84,0.5600000000013097
2023-09-03 12:27:10,25917.03,25917.02,25917.61,25913.85,0.5800000000017462
2023-09-03 12:27:12,25917.03,25917.02,25917.61,25913.85,0.5800000000017462
2023-09-03 12:27:15,25917.03,25917.02,25917.6,25913.85,0.569999999999709
2023-09-03 12:27:16,25917.03,25917.02,25917.61,25913.87,0.5800000000017462
2023-09-03 12:27:18,25917.03,25917.02,25917.61,25913.87,0.5800000000017462
2023-09-03 12:27:19,25917.03,25917.02,25917.59,25913.87,0.5600000000013097
2023-09-03 12:27:21,25917.03,25917.02,25917.59,25913.87,0.5600000000013097
2023-09-03 12:27:23,25917.03,25917.02,25917.58,25913.87,0.5500000000029104
2023-09-03 12:27:25,25917.03,25917.02,25917.58,25913.87,0.5500000000029104
2023-09-03 12:27:27,25917.03,25917.02,25917.58,25913.87,0.5500000000029104
2023-09-03 12:27:28,25917.03,25917.02,25917.58,25913.87,0.5500000000029104
2023-09-03 12:27:30,25917.03,25917.02,25917.58,25913.87,0.5500000000029104
2023-09-03 12:27:31,25917.03,25917.02,25917.58,25913.87,0.5500000000029104
2023-09-03 12:27:33,25917.03,25917.02,25917.58,25913.87,0.5500000000029104
2023-09-03 12:27:35,25917.03,25917.02,25917.58,25913.87,0.5500000000029104
2023-09-03 12:27:36,25917.03,25917.02,25917.58,25913.87,0.5500000000029104
2023-09-03 12:27:39,25917.03,25917.02,25917.58,25913.87,0.5500000000029104
2023-09-03 12:27:40,25917.03,25917.02,25917.58,25913.88,0.5500000000029104
2023-09-03 12:27:42,25917.03,25917.02,25917.58,25913.9,0.5500000000029104
2023-09-03 12:27:43,25917.03,25917.02,25917.58,25913.9,0.5500000000029104
2023-09-03 12:27:45,25917.03,25917.02,25917.58,25913.9,0.5500000000029104
2023-09-03 12:27:46,25917.03,25917.02,25917.58,25913.9,0.5500000000029104
2023-09-03 12:27:48,25917.03,25917.02,25917.58,25913.9,0.5500000000029104
2023-09-03 12:27:49,25917.03,25917.02,25917.58,25913.9,0.5500000000029104
2023-09-03 12:27:51,25917.03,25917.02,25917.58,25913.9,0.5500000000029104
2023-09-03 12:27:53,25917.03,25917.02,25917.61,25913.89,0.5800000000017462
2023-09-03 12:27:55,25917.03,25917.02,25917.59,25913.9,0.5600000000013097
2023-09-03 12:27:56,25917.03,25917.02,25917.58,25913.91,0.5500000000029104
2023-09-03 12:27:58,25917.03,25917.02,25917.59,25913.91,0.5600000000013097
2023-09-03 12:27:59,25917.03,25917.02,25917.59,25913.91,0.5600000000013097
2023-09-03 12:28:01,25917.03,25917.02,25917.57,25914.04,0.5400000000008731
2023-09-03 12:28:03,25917.03,25917.02,25917.57,25914.13,0.5400000000008731
2023-09-03 12:28:05,25917.03,25917.02,25917.57,25913.91,0.5400000000008731
2023-09-03 12:28:06,25917.03,25917.02,25917.57,25914.26,0.5400000000008731
2023-09-03 12:28:08,25917.03,25917.02,25917.57,25914.21,0.5400000000008731
2023-09-03 12:28:10,25917.03,25917.02,25917.57,25914.41,0.5400000000008731
2023-09-03 12:28:11,25917.03,25917.02,25917.57,25914.39,0.5400000000008731
2023-09-03 12:28:13,25917.03,25917.02,25917.57,25914.39,0.5400000000008731
2023-09-03 12:28:15,25917.03,25917.02,25917.57,25914.39,0.5400000000008731
2023-09-03 12:28:16,25917.03,25917.02,25917.57,25914.39,0.5400000000008731
2023-09-03 12:28:18,25917.03,25917.02,25917.57,25914.39,0.5400000000008731
2023-09-03 12:28:19,25917.03,25917.02,25917.57,25914.39,0.5400000000008731
2023-09-03 12:28:21,25917.03,25917.02,25917.57,25914.39,0.5400000000008731
2023-09-03 12:28:22,25917.03,25917.02,25917.57,25914.39,0.5400000000008731
2023-09-03 12:28:24,25917.03,25917.02,25917.57,25914.39,0.5400000000008731
2023-09-03 12:28:25,25917.03,25917.02,25917.57,25914.39,0.5400000000008731
2023-09-03 12:28:27,25917.03,25917.02,25917.57,25914.39,0.5400000000008731
2023-09-03 12:28:29,25917.03,25917.02,25917.57,25914.39,0.5400000000008731
2023-09-03 12:28:30,25917.03,25917.02,25917.57,25914.39,0.5400000000008731
2023-09-03 12:28:32,25917.03,25917.02,25917.57,25914.39,0.5400000000008731
2023-09-03 12:28:34,25917.03,25917.02,25917.57,25914.39,0.5400000000008731
2023-09-03 12:28:36,25917.03,25917.02,25917.57,25914.39,0.5400000000008731
2023-09-03 12:28:37,25917.03,25917.02,25917.57,25914.39,0.5400000000008731
2023-09-03 12:28:39,25917.03,25917.02,25917.57,25914.39,0.5400000000008731
2023-09-03 12:28:40,25917.03,25917.02,25917.58,25914.39,0.5500000000029104
2023-09-03 12:28:42,25917.03,25917.02,25917.58,25914.39,0.5500000000029104
2023-09-03 12:28:43,25917.03,25917.02,25917.58,25914.39,0.5500000000029104
2023-09-03 12:28:45,25917.03,25917.02,25917.58,25914.39,0.5500000000029104
2023-09-03 12:28:48,25917.03,25917.02,25917.58,25914.39,0.5500000000029104
2023-09-03 12:28:49,25917.03,25917.02,25917.58,25914.39,0.5500000000029104
2023-09-03 12:28:51,25917.03,25917.02,25917.58,25914.39,0.5500000000029104
2023-09-03 12:28:53,25917.03,25917.02,25917.58,25914.39,0.5500000000029104
2023-09-03 12:28:55,25917.03,25917.02,25917.58,25914.39,0.5500000000029104
2023-09-03 12:28:58,25917.03,25917.02,25917.58,25914.39,0.5500000000029104
2023-09-03 12:28:59,25917.03,25917.02,25917.58,25914.39,0.5500000000029104
2023-09-03 12:29:01,25917.03,25917.02,25917.58,25914.39,0.5500000000029104
2023-09-03 12:29:03,25917.03,25917.02,25917.58,25914.39,0.5500000000029104
2023-09-03 12:29:04,25917.03,25917.02,25917.58,25914.39,0.5500000000029104
2023-09-03 12:29:06,25917.03,25917.02,25917.58,25914.39,0.5500000000029104
2023-09-03 12:29:08,25917.03,25917.02,25917.58,25914.39,0.5500000000029104
2023-09-03 12:29:09,25917.03,25917.02,25917.58,25914.39,0.5500000000029104
2023-09-03 12:29:11,25917.03,25917.02,25917.58,25914.39,0.5500000000029104
2023-09-03 12:29:12,25917.03,25917.02,25917.58,25914.39,0.5500000000029104
2023-09-03 12:29:14,25917.03,25917.02,25917.58,25914.39,0.5500000000029104
2023-09-03 12:29:16,25917.03,25917.02,25917.58,25914.39,0.5500000000029104
2023-09-03 12:29:18,25917.03,25917.02,25917.58,25914.39,0.5500000000029104
2023-09-03 12:29:20,25917.03,25917.02,25917.58,25914.39,0.5500000000029104
2023-09-03 12:29:22,25917.03,25917.02,25917.58,25914.39,0.5500000000029104
2023-09-03 12:29:23,25917.03,25917.02,25917.58,25914.39,0.5500000000029104
2023-09-03 12:29:25,25917.03,25917.02,25917.58,25914.39,0.5500000000029104
2023-09-03 12:29:27,25917.03,25917.02,25917.58,25914.43,0.5500000000029104
2023-09-03 12:29:28,25917.03,25917.02,25917.58,25914.46,0.5500000000029104
2023-09-03 12:29:31,25917.03,25917.02,25917.58,25914.46,0.5500000000029104
2023-09-03 12:29:33,25917.03,25917.02,25917.58,25914.46,0.5500000000029104
2023-09-03 12:29:34,25917.03,25917.02,25917.58,25914.46,0.5500000000029104
2023-09-03 12:29:36,25917.03,25917.02,25917.58,25914.46,0.5500000000029104
2023-09-03 12:29:37,25917.03,25917.02,25917.58,25914.46,0.5500000000029104
2023-09-03 12:29:40,25917.03,25917.02,25917.58,25914.74,0.5500000000029104
2023-09-03 12:29:41,25917.03,25917.02,25917.58,25914.74,0.5500000000029104
2023-09-03 12:29:43,25917.03,25917.02,25917.58,25914.74,0.5500000000029104
2023-09-03 12:29:44,25917.03,25917.02,25917.58,25914.74,0.5500000000029104
2023-09-03 12:29:46,25917.03,25917.02,25919.59,25915.74,2.5600000000013097
2023-09-03 12:29:48,25917.03,25917.02,25919.59,25915.72,2.5600000000013097
2023-09-03 12:29:49,25917.03,25917.02,25919.59,25915.83,2.5600000000013097
2023-09-03 12:29:51,25917.03,25917.02,25919.59,25915.82,2.5600000000013097
2023-09-03 12:29:52,25917.03,25917.02,25919.59,25915.82,2.5600000000013097
2023-09-03 12:29:54,25919.7,25919.62,25920.83,25918.27,1.1300000000010186
2023-09-03 12:29:55,25919.88,25919.87,25921.7,25918.62,1.819999999999709
2023-09-03 12:29:57,25919.88,25919.87,25921.9,25918.01,2.0200000000004366
2023-09-03 12:29:59,25919.88,25919.87,25921.6,25918.65,1.7199999999975262
2023-09-03 12:30:01,25919.88,25919.87,25921.85,25918.63,1.9699999999975262
2023-09-03 12:30:03,25919.88,25919.87,25921.92,25918.62,2.039999999997235
2023-09-03 12:30:05,25919.88,25919.87,25921.55,25918.57,1.6699999999982538
2023-09-03 12:30:07,25919.88,25919.87,25921.79,25918.67,1.9099999999998545
2023-09-03 12:30:08,25919.88,25919.87,25921.88,25918.61,2.0
2023-09-03 12:30:10,25919.88,25919.87,25921.85,25918.62,1.9699999999975262
2023-09-03 12:30:11,25919.88,25919.87,25921.53,25918.57,1.6499999999978172
2023-09-03 12:30:13,25919.88,25919.87,25921.94,25918.58,2.0599999999976717
2023-09-03 12:30:15,25919.88,25919.87,25921.92,25918.6,2.039999999997235
2023-09-03 12:30:16,25919.88,25919.87,25921.85,25918.62,1.9699999999975262
2023-09-03 12:30:18,25919.88,25919.87,25921.97,25918.56,2.0900000000001455
2023-09-03 12:30:20,25919.88,25919.87,25921.78,25918.57,1.8999999999978172
2023-09-03 12:30:23,25919.88,25919.87,25921.9,25918.57,2.0200000000004366
2023-09-03 12:30:24,25919.88,25919.87,25921.89,25918.6,2.0099999999983993
2023-09-03 12:30:26,25919.88,25919.87,25921.95,25918.62,2.069999999999709
2023-09-03 12:30:28,25919.88,25919.87,25921.56,25918.63,1.680000000000291
2023-09-03 12:30:29,25919.88,25919.87,25921.84,25918.57,1.9599999999991269
2023-09-03 12:30:32,25919.88,25919.87,25921.82,25918.57,1.9399999999986903
2023-09-03 12:30:33,25919.88,25919.87,25921.84,25918.58,1.9599999999991269
2023-09-03 12:30:36,25919.88,25919.87,25921.99,25918.59,2.110000000000582
2023-09-03 12:30:37,25919.88,25919.87,25921.86,25918.58,1.9799999999995634
2023-09-03 12:30:39,25919.88,25919.87,25921.9,25918.59,2.0200000000004366
2023-09-03 12:30:41,25919.88,25919.87,25921.51,25918.57,1.6299999999973807
2023-09-03 12:30:44,25919.88,25919.87,25921.76,25918.57,1.8799999999973807
2023-09-03 12:30:45,25919.88,25919.87,25921.82,25918.59,1.9399999999986903
2023-09-03 12:30:47,25919.88,25919.87,25921.89,25918.6,2.0099999999983993
2023-09-03 12:30:48,25919.88,25919.87,25921.88,25918.56,2.0
2023-09-03 12:30:50,25919.88,25919.87,25921.74,25918.57,1.860000000000582
2023-09-03 12:30:52,25919.88,25919.87,25921.69,25918.58,1.8099999999976717
2023-09-03 12:30:53,25919.88,25919.87,25921.95,25918.58,2.069999999999709
2023-09-03 12:30:55,25919.88,25919.87,25921.81,25918.61,1.930000000000291
2023-09-03 12:30:56,25919.88,25919.87,25921.58,25918.61,1.7000000000007276
2023-09-03 12:30:59,25919.88,25919.87,25921.77,25918.57,1.889999999999418
2023-09-03 12:31:00,25919.88,25919.87,25921.8,25918.57,1.9199999999982538
2023-09-03 12:31:02,25919.88,25919.87,25921.83,25918.58,1.9500000000007276
2023-09-03 12:31:03,25919.88,25919.87,25921.71,25918.58,1.8299999999981083
2023-09-03 12:31:06,25919.88,25919.87,25921.8,25918.6,1.9199999999982538
2023-09-03 12:31:08,25919.88,25919.87,25921.91,25918.58,2.029999999998836
2023-09-03 12:31:09,25919.88,25919.87,25921.91,25918.6,2.029999999998836
2023-09-03 12:31:11,25919.88,25919.87,25921.81,25918.57,1.930000000000291
2023-09-03 12:31:13,25919.88,25919.87,25921.98,25918.57,2.099999999998545
2023-09-03 12:31:14,25919.88,25919.87,25921.87,25918.58,1.9899999999979627
2023-09-03 12:31:16,25919.88,25919.87,25921.52,25918.58,1.639999999999418
2023-09-03 12:31:17,25919.88,25919.87,25918.68,25916.1,-1.2000000000007276
2023-09-03 12:31:19,25919.88,25919.87,25918.84,25916.11,-1.0400000000008731
2023-09-03 12:31:20,25919.88,25919.87,25919.82,25916.12,-0.06000000000130967
2023-09-03 12:31:22,25919.88,25919.87,25919.95,25916.14,0.06999999999970896
2023-09-03 12:31:23,25919.88,25919.87,25919.93,25916.18,0.049999999999272404
2023-09-03 12:31:25,25919.88,25919.87,25919.99,25916.12,0.11000000000058208
2023-09-03 12:31:27,25919.88,25919.87,25919.99,25916.13,0.11000000000058208
2023-09-03 12:31:29,25919.88,25919.87,25919.99,25916.23,0.11000000000058208
2023-09-03 12:31:32,25919.88,25919.87,25919.99,25916.33,0.11000000000058208
2023-09-03 12:31:33,25919.88,25919.87,25919.99,25916.47,0.11000000000058208
2023-09-03 12:31:35,25919.88,25919.87,25919.99,25916.18,0.11000000000058208
2023-09-03 12:31:36,25919.88,25919.87,25919.99,25916.65,0.11000000000058208
2023-09-03 12:31:38,25919.88,25919.87,25920.0,25916.35,0.11999999999898137
2023-09-03 12:31:40,25919.88,25919.87,25920.0,25916.16,0.11999999999898137
2023-09-03 12:31:41,25919.88,25919.87,25920.0,25916.59,0.11999999999898137
2023-09-03 12:31:43,25919.88,25919.87,25920.0,25916.33,0.11999999999898137
2023-09-03 12:31:45,25919.88,25919.87,25920.0,25916.39,0.11999999999898137
2023-09-03 12:31:46,25919.88,25919.87,25919.84,25916.12,-0.040000000000873115
2023-09-03 12:31:48,25919.88,25919.87,25919.87,25916.19,-0.010000000002037268
2023-09-03 12:31:50,25919.88,25919.87,25919.8,25916.19,-0.08000000000174623
2023-09-03 12:31:51,25919.88,25919.87,25919.9,25916.22,0.020000000000436557
2023-09-03 12:31:53,25919.88,25919.87,25919.9,25916.2,0.020000000000436557
2023-09-03 12:31:54,25919.88,25919.87,25919.89,25916.19,0.00999999999839929
2023-09-03 12:31:56,25919.88,25919.87,25919.9,25916.2,0.020000000000436557
2023-09-03 12:31:57,25919.88,25919.87,25919.9,25916.23,0.020000000000436557
2023-09-03 12:31:59,25919.88,25919.87,25919.87,25916.2,-0.010000000002037268
2023-09-03 12:32:01,25919.88,25919.87,25919.88,25916.2,0.0
2023-09-03 12:32:03,25919.88,25919.87,25919.89,25916.2,0.00999999999839929
2023-09-03 12:32:04,25919.88,25919.87,25919.82,25916.22,-0.06000000000130967
2023-09-03 12:32:06,25919.88,25919.87,25919.79,25916.2,-0.09000000000014552
2023-09-03 12:32:08,25919.88,25919.87,25919.75,25916.2,-0.13000000000101863
2023-09-03 12:32:10,25919.88,25919.87,25919.79,25916.2,-0.09000000000014552
2023-09-03 12:32:11,25919.88,25919.87,25919.85,25916.2,-0.030000000002473826
2023-09-03 12:32:13,25919.88,25919.87,25919.9,25916.21,0.020000000000436557
2023-09-03 12:32:15,25919.88,25919.87,25919.81,25916.2,-0.06999999999970896
2023-09-03 12:32:17,25919.88,25919.87,25919.9,25916.2,0.020000000000436557
2023-09-03 12:32:18,25919.88,25919.87,25919.9,25916.2,0.020000000000436557
2023-09-03 12:32:20,25919.88,25919.87,25921.97,25917.29,2.0900000000001455
2023-09-03 12:32:21,25919.88,25919.87,25922.0,25917.33,2.1199999999989814
2023-09-03 12:32:23,25919.88,25919.87,25921.94,25917.29,2.0599999999976717
2023-09-03 12:32:24,25919.88,25919.87,25921.96,25917.29,2.0799999999981083
2023-09-03 12:32:27,25919.88,25919.87,25921.96,25917.29,2.0799999999981083
2023-09-03 12:32:30,25919.88,25919.87,25921.65,25917.29,1.7700000000004366
2023-09-03 12:32:31,25919.88,25919.87,25921.82,25917.29,1.9399999999986903
2023-09-03 12:32:33,25919.88,25919.87,25921.21,25917.29,1.3299999999981083
2023-09-03 12:32:34,25919.88,25919.87,25921.12,25917.46,1.2399999999979627
2023-09-03 12:32:36,25919.88,25919.87,25921.12,25917.53,1.2399999999979627
2023-09-03 12:32:38,25919.88,25919.87,25921.11,25917.45,1.2299999999995634
2023-09-03 12:32:39,25919.88,25919.87,25921.11,25917.45,1.2299999999995634
2023-09-03 12:32:42,25919.88,25919.87,25921.11,25917.45,1.2299999999995634
2023-09-03 12:32:43,25919.88,25919.87,25921.11,25917.45,1.2299999999995634
2023-09-03 12:32:45,25919.88,25919.87,25921.11,25917.45,1.2299999999995634
2023-09-03 12:32:46,25919.88,25919.87,25921.11,25917.45,1.2299999999995634
2023-09-03 12:32:48,25919.88,25919.87,25921.11,25917.45,1.2299999999995634
2023-09-03 12:32:50,25919.88,25919.87,25921.11,25917.45,1.2299999999995634
2023-09-03 12:32:51,25919.88,25919.87,25920.93,25917.54,1.0499999999992724
2023-09-03 12:32:53,25919.88,25919.87,25921.07,25917.55,1.1899999999986903
2023-09-03 12:32:55,25919.88,25919.87,25921.07,25917.55,1.1899999999986903
2023-09-03 12:32:57,25919.88,25919.87,25921.07,25917.55,1.1899999999986903
2023-09-03 12:32:59,25919.88,25919.87,25921.07,25917.55,1.1899999999986903
2023-09-03 12:33:00,25919.88,25919.87,25921.07,25917.55,1.1899999999986903
2023-09-03 12:33:02,25919.88,25919.87,25921.07,25917.55,1.1899999999986903
2023-09-03 12:33:04,25919.88,25919.87,25921.07,25917.55,1.1899999999986903
2023-09-03 12:33:06,25919.88,25919.87,25921.1,25918.0,1.2199999999975262
2023-09-03 12:33:07,25919.88,25919.87,25921.1,25918.01,1.2199999999975262
2023-09-03 12:33:10,25919.88,25919.87,25921.11,25918.01,1.2299999999995634
2023-09-03 12:33:11,25919.88,25919.87,25921.11,25918.01,1.2299999999995634
2023-09-03 12:33:13,25919.88,25919.87,25921.11,25918.01,1.2299999999995634
2023-09-03 12:33:14,25919.88,25919.87,25921.12,25918.01,1.2399999999979627
2023-09-03 12:33:41,25919.88,25919.87,25920.94,25918.01,1.0599999999976717
2023-09-03 12:33:43,25919.88,25919.87,25920.94,25918.01,1.0599999999976717
2023-09-03 12:33:44,25919.88,25919.87,25920.94,25918.01,1.0599999999976717
2023-09-03 12:33:47,25919.88,25919.87,25920.94,25918.01,1.0599999999976717
2023-09-03 12:33:48,25919.88,25919.87,25921.05,25918.01,1.1699999999982538
2023-09-03 12:33:51,25919.88,25919.87,25920.83,25918.01,0.9500000000007276
2023-09-03 12:33:53,25919.88,25919.87,25920.83,25918.01,0.9500000000007276
2023-09-03 12:33:54,25919.88,25919.87,25920.83,25918.01,0.9500000000007276
2023-09-03 12:33:56,25919.88,25919.87,25920.83,25918.01,0.9500000000007276
2023-09-03 12:33:57,25919.88,25919.87,25920.83,25918.01,0.9500000000007276
2023-09-03 12:33:59,25919.88,25919.87,25920.83,25918.01,0.9500000000007276
2023-09-03 12:34:01,25919.88,25919.87,25920.83,25918.01,0.9500000000007276
2023-09-03 12:34:03,25919.88,25919.87,25920.83,25918.01,0.9500000000007276
2023-09-03 12:34:04,25919.88,25919.87,25920.83,25918.01,0.9500000000007276
2023-09-03 12:34:07,25919.88,25919.87,25920.83,25918.01,0.9500000000007276
2023-09-03 12:34:08,25919.88,25919.87,25920.83,25918.01,0.9500000000007276
2023-09-03 12:34:10,25919.88,25919.87,25920.83,25918.01,0.9500000000007276
2023-09-03 12:34:12,25919.88,25919.87,25920.83,25918.01,0.9500000000007276
2023-09-03 12:34:13,25919.88,25919.87,25920.83,25918.01,0.9500000000007276
2023-09-03 12:34:16,25919.88,25919.87,25920.83,25918.01,0.9500000000007276
2023-09-03 12:34:17,25919.88,25919.87,25920.83,25918.01,0.9500000000007276
2023-09-03 12:34:19,25919.88,25919.87,25920.83,25918.01,0.9500000000007276
2023-09-03 12:34:21,25919.88,25919.87,25920.83,25918.01,0.9500000000007276
2023-09-03 12:34:22,25919.88,25919.87,25920.83,25918.01,0.9500000000007276
2023-09-03 12:34:24,25919.88,25919.87,25920.83,25918.01,0.9500000000007276
2023-09-03 12:34:26,25919.88,25919.87,25920.83,25918.01,0.9500000000007276
2023-09-03 12:34:27,25919.88,25919.87,25921.12,25918.01,1.2399999999979627
2023-09-03 12:34:29,25919.88,25919.87,25921.12,25918.01,1.2399999999979627
2023-09-03 12:34:31,25919.88,25919.87,25921.11,25918.01,1.2299999999995634
2023-09-03 12:34:33,25919.88,25919.87,25921.09,25918.01,1.2099999999991269
2023-09-03 12:34:35,25919.88,25919.87,25921.12,25918.01,1.2399999999979627
2023-09-03 12:34:36,25919.88,25919.87,25921.12,25918.01,1.2399999999979627
2023-09-03 12:34:39,25919.88,25919.87,25921.12,25918.01,1.2399999999979627
2023-09-03 12:34:41,25919.88,25919.87,25921.12,25918.01,1.2399999999979627
2023-09-03 12:34:43,25919.88,25919.87,25921.12,25918.01,1.2399999999979627
2023-09-03 12:34:44,25919.88,25919.87,25921.12,25918.01,1.2399999999979627
2023-09-03 12:34:46,25919.88,25919.87,25921.05,25918.01,1.1699999999982538
2023-09-03 12:34:47,25919.88,25919.87,25921.08,25918.01,1.2000000000007276
2023-09-03 12:34:49,25919.88,25919.87,25920.97,25918.01,1.0900000000001455
2023-09-03 12:34:51,25919.88,25919.87,25920.97,25918.01,1.0900000000001455
2023-09-03 12:34:52,25919.88,25919.87,25918.27,25916.01,-1.610000000000582
2023-09-03 12:34:54,25919.88,25919.87,25918.27,25916.01,-1.610000000000582
2023-09-03 12:34:55,25919.88,25919.87,25918.27,25916.01,-1.610000000000582
2023-09-03 12:34:57,25919.88,25919.87,25918.27,25916.01,-1.610000000000582
2023-09-03 12:34:58,25919.88,25919.87,25918.27,25916.01,-1.610000000000582
2023-09-03 12:35:00,25919.88,25919.87,25918.27,25916.01,-1.610000000000582
2023-09-03 12:35:02,25919.88,25919.87,25918.27,25916.01,-1.610000000000582
2023-09-03 12:35:03,25919.88,25919.87,25918.27,25916.01,-1.610000000000582
2023-09-03 12:35:05,25919.88,25919.87,25918.27,25916.01,-1.610000000000582
2023-09-03 12:35:08,25919.88,25919.87,25918.27,25916.01,-1.610000000000582
2023-09-03 12:35:09,25919.88,25919.87,25919.76,25916.01,-0.12000000000261934
2023-09-03 12:35:11,25919.88,25919.87,25919.98,25916.41,0.09999999999854481
2023-09-03 12:35:13,25919.88,25919.87,25919.84,25916.42,-0.040000000000873115
2023-09-03 12:35:15,25919.88,25919.87,25919.78,25916.42,-0.10000000000218279
2023-09-03 12:35:16,25919.88,25919.87,25919.75,25916.42,-0.13000000000101863
2023-09-03 12:35:18,25919.88,25919.87,25919.68,25916.42,-0.2000000000007276
2023-09-03 12:35:20,25919.88,25919.87,25919.96,25916.42,0.07999999999810825
2023-09-03 12:35:22,25919.88,25919.87,25919.86,25916.42,-0.020000000000436557
2023-09-03 12:35:23,25919.88,25919.87,25919.5,25916.42,-0.38000000000101863
2023-09-03 12:35:25,25919.88,25919.87,25919.81,25916.42,-0.06999999999970896
2023-09-03 12:35:26,25919.88,25919.87,25919.62,25916.42,-0.26000000000203727
2023-09-03 12:35:28,25919.88,25919.87,25919.82,25916.42,-0.06000000000130967
2023-09-03 12:35:30,25919.88,25919.87,25919.8,25916.42,-0.08000000000174623
2023-09-03 12:35:31,25919.88,25919.87,25919.64,25916.42,-0.2400000000016007
2023-09-03 12:35:33,25919.88,25919.87,25919.82,25916.42,-0.06000000000130967
2023-09-03 12:35:35,25919.88,25919.87,25919.95,25916.42,0.06999999999970896
2023-09-03 12:35:36,25919.88,25919.87,25919.86,25916.42,-0.020000000000436557
2023-09-03 12:35:38,25919.88,25919.87,25919.9,25916.42,0.020000000000436557
2023-09-03 12:35:40,25919.88,25919.87,25919.75,25916.44,-0.13000000000101863
2023-09-03 12:35:41,25919.88,25919.87,25919.96,25916.43,0.07999999999810825
2023-09-03 12:35:43,25919.88,25919.87,25919.89,25916.43,0.00999999999839929
2023-09-03 12:35:44,25919.88,25919.87,25919.67,25916.43,-0.21000000000276486
2023-09-03 12:35:46,25919.88,25919.87,25919.62,25916.42,-0.26000000000203727
2023-09-03 12:35:48,25919.88,25919.87,25919.94,25916.45,0.059999999997671694
2023-09-03 12:35:50,25919.88,25919.87,25919.72,25916.42,-0.15999999999985448
2023-09-03 12:35:51,25919.88,25919.87,25919.78,25916.42,-0.10000000000218279
2023-09-03 12:35:53,25919.88,25919.87,25919.85,25916.42,-0.030000000002473826
2023-09-03 12:35:54,25919.88,25919.87,25919.78,25916.42,-0.10000000000218279
2023-09-03 12:35:56,25919.88,25919.87,25919.77,25916.42,-0.11000000000058208
2023-09-03 12:35:58,25919.88,25919.87,25919.76,25916.42,-0.12000000000261934
2023-09-03 12:35:59,25919.88,25919.87,25919.81,25916.42,-0.06999999999970896
2023-09-03 12:36:01,25919.88,25919.87,25919.9,25916.42,0.020000000000436557
2023-09-03 12:36:04,25919.88,25919.87,25919.98,25916.42,0.09999999999854481
2023-09-03 12:36:05,25919.88,25919.87,25919.95,25916.42,0.06999999999970896
2023-09-03 12:36:08,25919.88,25919.87,25919.96,25916.42,0.07999999999810825
2023-09-03 12:36:10,25919.88,25919.87,25919.89,25916.42,0.00999999999839929
2023-09-03 12:36:12,25919.88,25919.87,25919.85,25916.42,-0.030000000002473826
2023-09-03 12:36:13,25919.88,25919.87,25919.71,25916.42,-0.17000000000189175
2023-09-03 12:36:15,25919.88,25919.87,25919.81,25916.42,-0.06999999999970896
2023-09-03 12:36:16,25919.88,25919.87,25919.93,25916.42,0.049999999999272404
2023-09-03 12:36:18,25919.88,25919.87,25919.93,25916.42,0.049999999999272404
2023-09-03 12:36:20,25919.88,25919.87,25919.82,25916.42,-0.06000000000130967
2023-09-03 12:36:22,25919.88,25919.87,25919.92,25916.42,0.039999999997235136
2023-09-03 12:36:24,25919.88,25919.87,25919.87,25916.42,-0.010000000002037268
2023-09-03 12:36:26,25919.88,25919.87,25919.95,25916.42,0.06999999999970896
2023-09-03 12:36:27,25919.88,25919.87,25919.52,25916.42,-0.3600000000005821
2023-09-03 12:36:29,25919.88,25919.87,25919.62,25916.42,-0.26000000000203727
2023-09-03 12:36:30,25919.88,25919.87,25919.82,25916.42,-0.06000000000130967
2023-09-03 12:36:32,25919.88,25919.87,25919.75,25916.42,-0.13000000000101863
2023-09-03 12:36:33,25919.88,25919.87,25919.87,25916.42,-0.010000000002037268
2023-09-03 12:36:35,25919.88,25919.87,25919.96,25916.42,0.07999999999810825
2023-09-03 12:36:36,25919.88,25919.87,25919.66,25916.42,-0.22000000000116415
2023-09-03 12:36:38,25919.88,25919.87,25919.69,25916.42,-0.1900000000023283
2023-09-03 12:36:40,25919.88,25919.87,25919.64,25916.42,-0.2400000000016007
2023-09-03 12:36:41,25919.88,25919.87,25919.66,25916.42,-0.22000000000116415
2023-09-03 12:36:43,25919.88,25919.87,25919.93,25916.42,0.049999999999272404
2023-09-03 12:36:44,25919.88,25919.87,25919.76,25916.42,-0.12000000000261934
2023-09-03 12:36:46,25919.88,25919.87,25919.69,25916.42,-0.1900000000023283
2023-09-03 12:36:48,25919.88,25919.87,25919.85,25916.42,-0.030000000002473826
2023-09-03 12:36:50,25919.88,25919.87,25919.93,25916.42,0.049999999999272404
2023-09-03 12:36:51,25919.88,25919.87,25919.87,25916.42,-0.010000000002037268
2023-09-03 12:36:53,25919.88,25919.87,25919.72,25916.42,-0.15999999999985448
2023-09-03 12:36:55,25919.88,25919.87,25919.92,25916.42,0.039999999997235136
2023-09-03 12:36:57,25919.88,25919.87,25919.94,25916.42,0.059999999997671694
2023-09-03 12:36:58,25919.88,25919.87,25919.91,25916.42,0.029999999998835847
2023-09-03 12:37:01,25919.88,25919.87,25919.58,25916.42,-0.2999999999992724
2023-09-03 12:37:03,25919.88,25919.87,25919.7,25916.42,-0.18000000000029104
2023-09-03 12:37:05,25919.88,25919.87,25919.58,25916.42,-0.2999999999992724
2023-09-03 12:37:06,25919.88,25919.87,25919.72,25916.42,-0.15999999999985448
2023-09-03 12:37:08,25919.88,25919.87,25919.67,25916.42,-0.21000000000276486
2023-09-03 12:37:09,25919.88,25919.87,25919.89,25916.42,0.00999999999839929
2023-09-03 12:37:11,25919.88,25919.87,25919.67,25916.42,-0.21000000000276486
2023-09-03 12:37:13,25919.88,25919.87,25919.88,25916.42,0.0
2023-09-03 12:37:14,25919.88,25919.87,25919.86,25916.42,-0.020000000000436557
2023-09-03 12:37:16,25919.88,25919.87,25919.83,25916.42,-0.049999999999272404
2023-09-03 12:37:18,25919.88,25919.87,25919.63,25916.42,-0.25
2023-09-03 12:37:20,25919.88,25919.87,25919.86,25916.42,-0.020000000000436557
2023-09-03 12:37:21,25919.88,25919.87,25919.59,25916.42,-0.2900000000008731
2023-09-03 12:37:23,25919.88,25919.87,25919.84,25916.42,-0.040000000000873115
2023-09-03 12:37:25,25919.88,25919.87,25919.82,25916.42,-0.06000000000130967
2023-09-03 12:37:27,25919.88,25919.87,25919.77,25916.42,-0.11000000000058208
2023-09-03 12:37:29,25919.88,25919.87,25919.46,25916.42,-0.42000000000189175
2023-09-03 12:37:30,25919.88,25919.87,25919.71,25916.42,-0.17000000000189175
2023-09-03 12:37:32,25919.88,25919.87,25919.9,25916.42,0.020000000000436557
2023-09-03 12:37:33,25919.88,25919.87,25919.35,25916.42,-0.5300000000024738
2023-09-03 12:37:35,25919.88,25919.87,25919.46,25916.42,-0.42000000000189175
2023-09-03 12:37:37,25919.88,25919.87,25919.58,25916.42,-0.2999999999992724
2023-09-03 12:37:38,25919.88,25919.87,25919.7,25916.42,-0.18000000000029104
2023-09-03 12:37:40,25919.88,25919.87,25919.97,25916.42,0.09000000000014552
2023-09-03 12:37:41,25919.88,25919.87,25919.83,25916.42,-0.049999999999272404
