timestamp,Bybit_ETHUSDC_bid,Bybit_ETHUSDC_ask,Deribit_BTCPERPETUAL_bid,Deribit_BTCPERPETUAL_ask,Bitget_ETHUSDTUMCBL_bid,Bitget_ETHUSDTUMCBL_ask
2023-08-08 13:24:52,1834.87,1834.97,29424.5,29425.0,1835.82,1835.83
2023-08-08 13:25:08,1834.88,1834.97,29420.5,29421.0,1835.55,1835.56
2023-08-08 13:25:24,1835.44,1835.57,29441.0,29441.5,1835.99,1836.0
2023-08-08 13:25:39,1837.01,1837.18,29446.0,29446.5,1837.78,1837.8
2023-08-08 13:25:55,1836.59,1836.7,29449.5,29450.0,1837.6,1837.61
2023-08-08 13:26:11,1836.8,1836.93,29449.5,29450.0,1837.63,1837.64
2023-08-08 13:26:26,1836.89,1837.06,29452.5,29453.0,1838.01,1838.02
2023-08-08 13:26:42,1836.68,1836.79,29455.0,29455.5,1837.84,1837.85
2023-08-08 13:26:57,1836.64,1836.77,29462.5,29463.0,1837.88,1837.89
2023-08-08 13:27:14,1836.82,1836.96,29462.5,29463.0,1837.89,1837.91
2023-08-08 13:27:30,1836.27,1836.41,29451.5,29452.0,1837.44,1837.45
2023-08-08 13:27:46,1836.85,1836.95,29471.0,29471.5,1837.78,1837.79
2023-08-08 13:28:02,1837.01,1837.12,29473.5,29474.0,1837.87,1837.88
2023-08-08 13:28:17,1836.52,1836.7,29467.0,29467.5,1837.91,1837.92
2023-08-08 13:28:33,1836.43,1836.52,29460.0,29460.5,1837.48,1837.49
2023-08-08 13:28:49,1836.48,1836.63,29466.5,29467.0,1837.62,1837.63
2023-08-08 13:29:05,1836.49,1836.58,29463.5,29464.0,1837.44,1837.45
2023-08-08 13:29:21,1835.9,1836.05,29456.0,29456.5,1836.96,1836.97
2023-08-08 13:29:36,1836.3,1836.38,29456.0,29456.5,1837.26,1837.27
2023-08-08 13:29:52,1836.37,1836.54,29463.0,29463.5,1837.44,1837.45
2023-08-08 13:30:09,1836.42,1836.51,29463.0,29463.5,1837.39,1837.4
2023-08-08 13:30:24,1836.9,1837.0,29474.5,29475.0,1837.7,1837.71
2023-08-08 13:30:41,1836.89,1836.98,29476.5,29477.0,1837.8,1837.81
2023-08-08 13:30:57,1836.28,1836.41,29465.0,29465.5,1837.28,1837.29
2023-08-08 13:31:13,1835.57,1835.7,29453.0,29453.5,1836.56,1836.57
2023-08-08 13:31:29,1835.05,1835.19,29449.0,29449.5,1836.15,1836.17
2023-08-08 13:31:45,1835.37,1835.45,29449.0,29449.5,1836.04,1836.05
2023-08-08 13:32:00,1835.28,1835.42,29453.5,29454.0,1836.12,1836.13
2023-08-08 13:32:17,1835.14,1835.19,29448.5,29449.0,1835.95,1835.96
2023-08-08 13:32:32,1834.96,1835.06,29447.0,29447.5,1835.94,1835.95
2023-08-08 13:32:48,1834.83,1834.96,29442.5,29443.0,1835.94,1835.95
2023-08-08 13:33:04,1834.69,1834.79,29436.5,29437.0,1835.55,1835.56
2023-08-08 13:33:20,1834.85,1834.99,29431.5,29432.0,1835.36,1835.38
2023-08-08 13:33:36,1834.74,1834.89,29434.5,29435.0,1835.45,1835.46
2023-08-08 13:33:51,1834.83,1834.95,29434.5,29435.0,1835.45,1835.46
2023-08-08 13:34:07,1834.81,1834.92,29432.0,29432.5,1835.45,1835.46
2023-08-08 13:34:23,1834.72,1834.88,29432.0,29432.5,1835.43,1835.44
2023-08-08 13:34:39,1834.71,1834.81,29429.0,29429.5,1835.39,1835.4
2023-08-08 13:34:55,1835.12,1835.19,29442.0,29442.5,1835.9,1835.92
2023-08-08 13:35:11,1835.5,1835.59,29440.5,29441.0,1835.99,1836.0
2023-08-08 13:35:27,1835.98,1836.07,29454.0,29454.5,1836.76,1836.77
2023-08-08 13:35:43,1836.21,1836.32,29455.5,29456.0,1836.85,1836.86
2023-08-08 13:35:59,1836.21,1836.27,29458.0,29458.5,1836.86,1836.87
2023-08-08 13:36:15,1836.2,1836.3,29464.0,29464.5,1836.96,1836.97
2023-08-08 13:36:31,1836.29,1836.45,29463.5,29464.0,1837.0,1837.01
2023-08-08 13:36:47,1836.21,1836.37,29463.5,29464.0,1837.0,1837.01
2023-08-08 13:37:02,1836.21,1836.26,29460.5,29461.0,1837.0,1837.01
2023-08-08 13:37:18,1836.17,1836.27,29460.5,29461.0,1836.77,1836.78
2023-08-08 13:37:34,1836.3,1836.43,29460.5,29461.0,1836.94,1836.95
2023-08-08 13:37:50,1836.53,1836.65,29468.5,29469.0,1837.43,1837.44
2023-08-08 13:38:06,1836.41,1836.52,29468.5,29469.0,1837.23,1837.24
2023-08-08 13:38:22,1836.54,1836.67,29475.0,29475.5,1837.43,1837.44
2023-08-08 13:38:37,1836.65,1836.74,29475.0,29475.5,1837.44,1837.45
2023-08-08 13:38:53,1837.12,1837.27,29487.5,29488.0,1837.99,1838.0
2023-08-08 13:39:09,1837.21,1837.3,29487.0,29487.5,1838.13,1838.14
2023-08-08 13:39:25,1837.93,1838.09,29489.5,29490.0,1838.74,1838.75
2023-08-08 13:39:41,1837.67,1837.79,29488.0,29488.5,1838.52,1838.53
2023-08-08 13:39:57,1837.74,1837.84,29489.5,29490.0,1838.65,1838.66
2023-08-08 13:40:12,1837.92,1838.13,29505.0,29505.5,1838.89,1838.9
2023-08-08 13:40:28,1837.88,1837.99,29495.5,29496.0,1838.89,1838.9
2023-08-08 13:40:47,1837.3,1837.39,29481.5,29482.0,1838.21,1838.22
2023-08-08 13:41:02,1837.75,1837.86,29493.0,29493.5,1838.49,1838.5
2023-08-08 13:41:20,1837.86,1837.93,29493.0,29493.5,1838.67,1838.69
2023-08-08 13:41:36,1837.62,1837.76,29492.0,29492.5,1838.42,1838.43
2023-08-08 13:41:52,1837.69,1837.84,29492.0,29492.5,1838.61,1838.62
2023-08-08 13:42:07,1837.34,1837.44,29483.5,29484.5,1838.18,1838.19
2023-08-08 13:42:23,1838.04,1838.13,29494.5,29495.0,1838.74,1838.75
2023-08-08 13:42:38,1838.23,1838.32,29501.5,29502.0,1838.95,1838.96
2023-08-08 13:42:54,1838.3,1838.4,29499.5,29500.0,1839.15,1839.16
2023-08-08 13:43:10,1838.2,1838.37,29499.5,29500.0,1839.25,1839.26
2023-08-08 13:43:27,1839.06,1839.18,29501.0,29501.5,1840.63,1840.65
2023-08-08 13:43:43,1840.03,1840.18,29507.0,29510.0,1841.22,1841.23
2023-08-08 13:43:59,1840.09,1840.29,29506.0,29506.5,1840.99,1841.0
2023-08-08 13:44:14,1840.8,1841.17,29520.5,29521.0,1842.71,1842.72
2023-08-08 13:44:31,1840.94,1841.11,29514.0,29514.5,1842.14,1842.16
2023-08-08 13:44:46,1839.88,1839.96,29515.0,29515.5,1840.85,1840.87
2023-08-08 13:45:02,1839.82,1840.0,29511.5,29512.0,1841.11,1841.13
2023-08-08 13:45:18,1841.08,1841.2,29535.5,29536.0,1842.14,1842.15
2023-08-08 13:45:34,1841.47,1841.6,29539.5,29540.0,1842.6,1842.61
2023-08-08 13:45:50,1841.42,1841.67,29538.5,29539.0,1842.77,1842.78
2023-08-08 13:46:06,1841.62,1841.76,29537.0,29537.5,1842.76,1842.77
2023-08-08 13:46:22,1841.7,1841.82,29527.5,29528.0,1842.85,1842.86
2023-08-08 13:46:38,1841.92,1842.14,29526.5,29527.0,1842.85,1842.86
2023-08-08 13:46:54,1841.95,1842.06,29526.5,29527.0,1842.99,1843.0
2023-08-08 13:47:10,1842.01,1842.17,29526.5,29527.0,1842.93,1842.94
2023-08-08 13:47:26,1842.49,1842.66,29529.5,29530.0,1843.12,1843.13
2023-08-08 13:47:43,1842.6,1842.73,29537.5,29538.0,1843.54,1843.55
2023-08-08 13:47:59,1842.83,1842.95,29547.0,29547.5,1843.54,1843.55
2023-08-08 13:48:16,1842.53,1842.62,29537.0,29537.5,1843.73,1843.74
2023-08-08 13:48:31,1841.85,1841.95,29525.0,29525.5,1842.86,1842.87
2023-08-08 13:48:47,1840.67,1840.79,29506.0,29506.5,1841.39,1841.4
2023-08-08 13:49:04,1841.04,1841.19,29512.5,29513.0,1841.8,1841.81
2023-08-08 13:49:20,1841.3,1841.46,29519.5,29521.0,1842.5,1842.51
2023-08-08 13:49:38,1840.54,1840.65,29505.5,29506.0,1841.28,1841.29
2023-08-08 13:49:54,1840.41,1840.53,29504.5,29505.0,1841.07,1841.09
2023-08-08 13:50:10,1840.95,1841.07,29510.0,29510.5,1841.74,1841.75
2023-08-08 13:50:26,1841.64,1841.8,29518.5,29519.0,1842.42,1842.43
2023-08-08 13:50:42,1841.5,1841.65,29524.0,29524.5,1842.28,1842.3
2023-08-08 13:50:59,1842.27,1842.41,29541.0,29541.5,1843.14,1843.15
2023-08-08 13:51:15,1842.96,1843.15,29551.5,29552.0,1843.75,1843.76
2023-08-08 13:51:31,1842.98,1843.01,29554.0,29554.5,1843.8,1843.82
2023-08-08 13:51:47,1843.15,1843.21,29560.5,29561.0,1843.99,1844.0
2023-08-08 13:52:03,1843.12,1843.19,29568.0,29568.5,1843.87,1843.88
2023-08-08 13:52:19,1842.67,1842.8,29565.0,29565.5,1843.64,1843.65
2023-08-08 13:52:35,1843.1,1843.23,29572.5,29573.0,1843.81,1843.82
2023-08-08 13:52:50,1842.5,1842.62,29563.0,29563.5,1843.44,1843.45
2023-08-08 13:53:06,1842.01,1842.07,29555.0,29555.5,1842.83,1842.85
2023-08-08 13:53:22,1842.44,1842.6,29555.0,29555.5,1842.99,1843.0
2023-08-08 13:53:38,1842.5,1842.67,29558.0,29558.5,1842.99,1843.0
2023-08-08 13:53:54,1842.07,1842.19,29552.0,29552.5,1842.77,1842.78
2023-08-08 13:54:10,1841.81,1841.86,29533.0,29533.5,1842.44,1842.45
2023-08-08 13:54:26,1841.91,1842.0,29533.0,29533.5,1842.48,1842.49
2023-08-08 13:54:41,1842.41,1842.47,29541.0,29541.5,1842.42,1842.43
2023-08-08 13:54:57,1842.85,1842.97,29550.0,29550.5,1843.44,1843.45
2023-08-08 13:55:13,1842.9,1843.02,29561.5,29562.0,1843.87,1843.88
2023-08-08 13:55:29,1843.27,1843.39,29564.5,29565.0,1844.18,1844.19
2023-08-08 13:55:45,1843.3,1843.44,29566.5,29567.0,1844.01,1844.02
2023-08-08 13:56:00,1843.24,1843.39,29568.0,29568.5,1844.07,1844.08
2023-08-08 13:56:16,1843.23,1843.39,29568.0,29568.5,1844.22,1844.23
2023-08-08 13:56:32,1843.4,1843.51,29572.5,29573.0,1844.16,1844.17
2023-08-08 13:56:48,1843.38,1843.5,29572.5,29573.0,1844.16,1844.17
2023-08-08 13:57:03,1843.67,1843.77,29576.5,29577.0,1844.42,1844.43
2023-08-08 13:57:19,1843.5,1843.6,29574.0,29574.5,1844.21,1844.22
2023-08-08 13:57:35,1842.44,1842.57,29553.5,29554.0,1842.76,1842.77
2023-08-08 13:57:50,1842.63,1842.77,29565.5,29566.0,1843.33,1843.34
2023-08-08 13:58:06,1842.75,1842.86,29566.0,29566.5,1843.2,1843.21
2023-08-08 13:58:22,1843.34,1843.52,29570.5,29571.0,1843.93,1843.94
2023-08-08 13:58:38,1843.42,1843.56,29576.5,29577.0,1844.22,1844.23
2023-08-08 13:58:54,1843.73,1843.82,29576.5,29577.0,1844.22,1844.23
2023-08-08 13:59:10,1843.76,1843.91,29582.0,29582.5,1844.43,1844.44
2023-08-08 13:59:25,1843.56,1843.7,29585.0,29585.5,1844.39,1844.4
2023-08-08 13:59:42,1843.15,1843.29,29562.0,29562.5,1843.8,1843.81
2023-08-08 13:59:57,1843.81,1843.93,29568.0,29568.5,1844.25,1844.26
2023-08-08 14:00:13,1844.07,1844.17,29568.5,29569.0,1844.51,1844.52
2023-08-08 14:00:28,1844.23,1844.34,29577.0,29577.5,1844.75,1844.77
2023-08-08 14:00:44,1844.04,1844.18,29578.0,29578.5,1844.66,1844.67
2023-08-08 14:01:00,1843.92,1844.09,29579.0,29579.5,1844.58,1844.59
2023-08-08 14:01:16,1843.64,1843.65,29579.0,29579.5,1843.94,1843.96
2023-08-08 14:01:32,1844.13,1844.29,29583.5,29584.0,1844.63,1844.64
2023-08-08 14:01:48,1844.21,1844.32,29583.5,29584.0,1844.74,1844.75
2023-08-08 14:02:04,1843.83,1843.94,29570.0,29570.5,1844.24,1844.25
2023-08-08 14:02:20,1844.52,1844.64,29586.5,29587.0,1845.2,1845.21
2023-08-08 14:02:36,1844.91,1845.02,29586.5,29587.0,1845.1,1845.11
2023-08-08 14:02:52,1844.49,1844.61,29595.0,29595.5,1845.28,1845.29
2023-08-08 14:03:09,1845.22,1845.39,29615.0,29615.5,1845.8,1845.81
2023-08-08 14:03:25,1845.12,1845.24,29614.5,29615.0,1845.55,1845.56
2023-08-08 14:03:41,1845.29,1845.54,29623.5,29624.0,1845.99,1846.0
2023-08-08 14:03:58,1845.07,1845.15,29629.5,29630.0,1845.9,1845.91
2023-08-08 14:04:15,1845.98,1846.14,29629.5,29630.0,1846.77,1846.79
2023-08-08 14:04:31,1846.27,1846.43,29655.0,29655.5,1847.08,1847.09
2023-08-08 14:04:47,1846.61,1846.79,29658.5,29659.0,1847.49,1847.5
2023-08-08 14:05:03,1846.63,1846.75,29652.5,29653.0,1847.32,1847.33
2023-08-08 14:05:18,1847.01,1847.19,29658.0,29658.5,1847.82,1847.83
2023-08-08 14:05:34,1845.61,1845.79,29624.0,29624.5,1846.1,1846.11
2023-08-08 14:05:50,1844.85,1844.97,29621.5,29622.0,1845.45,1845.46
2023-08-08 14:06:05,1844.31,1844.46,29610.0,29610.5,1844.6,1844.61
2023-08-08 14:06:21,1844.11,1844.29,29593.0,29593.5,1844.71,1844.72
2023-08-08 14:06:37,1842.7,1842.93,29570.0,29570.5,1843.07,1843.09
2023-08-08 14:06:54,1842.55,1842.7,29569.0,29569.5,1842.99,1843.0
2023-08-08 14:07:09,1841.76,1841.88,29558.5,29559.0,1842.37,1842.38
2023-08-08 14:07:25,1841.8,1842.0,29551.5,29552.0,1842.22,1842.23
2023-08-08 14:07:41,1841.43,1841.59,29545.5,29546.0,1842.04,1842.05
2023-08-08 14:07:57,1841.41,1841.56,29542.5,29543.0,1841.76,1841.77
2023-08-08 14:08:13,1841.02,1841.13,29541.5,29542.0,1841.47,1841.48
2023-08-08 14:08:29,1840.76,1840.92,29531.5,29532.0,1841.55,1841.56
2023-08-08 14:08:46,1840.66,1840.8,29531.5,29532.0,1841.41,1841.42
2023-08-08 14:09:02,1840.92,1841.04,29539.0,29539.5,1841.19,1841.2
2023-08-08 14:09:18,1841.44,1841.56,29557.5,29558.0,1842.03,1842.04
2023-08-08 14:09:34,1840.65,1840.79,29542.0,29542.5,1841.3,1841.31
2023-08-08 14:09:50,1840.25,1840.4,29530.0,29530.5,1841.04,1841.05
2023-08-08 14:10:05,1840.27,1840.4,29529.5,29530.0,1840.92,1840.93
2023-08-08 14:10:21,1841.44,1841.58,29541.5,29542.0,1842.0,1842.01
2023-08-08 14:10:37,1842.0,1842.14,29560.0,29560.5,1842.64,1842.65
2023-08-08 14:10:53,1842.86,1842.98,29560.0,29560.5,1843.45,1843.46
2023-08-08 14:11:09,1842.74,1842.89,29561.0,29561.5,1843.58,1843.59
2023-08-08 14:11:25,1843.27,1843.42,29583.5,29584.0,1843.99,1844.0
2023-08-08 14:11:41,1842.88,1843.09,29580.0,29580.5,1844.02,1844.03
2023-08-08 14:11:57,1843.15,1843.25,29569.5,29570.0,1844.02,1844.03
2023-08-08 14:12:13,1842.98,1843.09,29569.5,29570.0,1844.02,1844.03
2023-08-08 14:12:29,1843.14,1843.17,29569.5,29570.0,1844.02,1844.03
2023-08-08 14:12:45,1843.13,1843.31,29569.5,29570.0,1844.02,1844.03
2023-08-08 14:13:00,1843.07,1843.19,29577.0,29577.5,1844.02,1844.03
2023-08-08 14:13:16,1843.18,1843.33,29579.0,29579.5,1844.03,1844.04
2023-08-08 14:13:32,1843.18,1843.2,29581.0,29581.5,1844.02,1844.03
2023-08-08 14:13:48,1843.22,1843.34,29581.0,29581.5,1844.02,1844.03
2023-08-08 14:14:04,1843.15,1843.31,29581.0,29581.5,1844.02,1844.03
2023-08-08 14:14:20,1842.88,1842.99,29577.0,29577.5,1843.9,1843.91
2023-08-08 14:14:36,1842.21,1842.3,29568.0,29568.5,1843.13,1843.14
2023-08-08 14:14:52,1842.27,1842.38,29568.0,29568.5,1843.03,1843.04
2023-08-08 14:15:07,1843.07,1843.2,29585.0,29585.5,1843.69,1843.7
2023-08-08 14:15:24,1843.56,1843.68,29594.0,29594.5,1843.99,1844.0
2023-08-08 14:15:41,1844.08,1844.19,29604.5,29605.0,1844.44,1844.45
2023-08-08 14:15:59,1843.48,1843.66,29597.0,29597.5,1844.42,1844.43
2023-08-08 14:16:14,1843.68,1843.77,29597.0,29597.5,1844.43,1844.44
2023-08-08 14:16:30,1843.9,1844.02,29598.0,29598.5,1844.43,1844.44
2023-08-08 14:16:48,1843.93,1844.1,29601.5,29602.0,1844.47,1844.49
2023-08-08 14:17:05,1843.95,1844.06,29604.0,29604.5,1844.68,1844.69
2023-08-08 14:17:20,1843.97,1844.1,29604.0,29604.5,1844.68,1844.69
2023-08-08 14:17:36,1843.59,1843.7,29596.0,29596.5,1844.5,1844.51
2023-08-08 14:17:52,1843.64,1843.79,29593.5,29594.0,1844.5,1844.51
2023-08-08 14:18:08,1844.14,1844.26,29599.5,29600.0,1844.84,1844.85
2023-08-08 14:18:24,1844.1,1844.2,29599.5,29600.0,1844.87,1844.88
2023-08-08 14:18:40,1843.77,1843.91,29592.0,29592.5,1844.53,1844.54
2023-08-08 14:18:55,1843.84,1843.95,29592.0,29592.5,1844.54,1844.55
2023-08-08 14:19:11,1844.36,1844.56,29592.0,29592.5,1844.99,1845.0
2023-08-08 14:19:28,1844.47,1844.57,29597.5,29598.0,1844.99,1845.0
2023-08-08 14:19:46,1844.34,1844.55,29597.0,29597.5,1845.23,1845.24
2023-08-08 14:20:03,1844.66,1844.79,29597.0,29597.5,1845.61,1845.62
2023-08-08 14:20:19,1844.98,1845.11,29590.5,29591.0,1845.83,1845.84
2023-08-08 14:20:35,1844.69,1844.92,29589.5,29590.0,1845.73,1845.74
2023-08-08 14:20:51,1844.53,1844.69,29586.5,29587.0,1845.43,1845.44
2023-08-08 14:21:07,1843.9,1844.08,29570.0,29570.5,1844.78,1844.79
2023-08-08 14:21:23,1843.24,1843.38,29555.5,29556.0,1844.13,1844.14
2023-08-08 14:21:40,1843.14,1843.23,29555.0,29555.5,1843.76,1843.77
2023-08-08 14:21:55,1842.65,1842.79,29547.0,29547.5,1843.31,1843.32
2023-08-08 14:22:13,1842.25,1842.43,29544.5,29545.0,1842.86,1842.87
2023-08-08 14:22:30,1842.53,1842.7,29541.5,29542.0,1843.18,1843.19
2023-08-08 14:22:47,1842.51,1842.52,29538.5,29539.0,1842.7,1842.71
2023-08-08 14:23:04,1842.41,1842.54,29538.5,29539.0,1842.76,1842.77
2023-08-08 14:23:20,1842.1,1842.19,29536.0,29536.5,1842.59,1842.6
2023-08-08 14:23:37,1842.15,1842.25,29530.0,29530.5,1842.41,1842.43
2023-08-08 14:23:53,1842.24,1842.35,29528.5,29529.0,1842.69,1842.7
2023-08-08 14:24:09,1842.41,1842.53,29528.5,29529.0,1842.72,1842.74
2023-08-08 14:24:24,1842.28,1842.36,29528.5,29529.0,1842.72,1842.73
2023-08-08 14:24:40,1843.42,1843.53,29541.5,29542.0,1843.75,1843.76
2023-08-08 14:24:56,1842.42,1842.49,29540.0,29540.5,1842.87,1842.88
2023-08-08 14:25:11,1842.67,1842.77,29540.0,29540.5,1842.91,1842.92
2023-08-08 14:25:27,1842.32,1842.42,29538.5,29539.0,1842.82,1842.83
2023-08-08 14:25:43,1842.81,1842.93,29544.5,29545.0,1843.19,1843.2
2023-08-08 14:25:59,1842.65,1842.74,29547.5,29548.0,1842.82,1842.83
2023-08-08 14:26:14,1842.44,1842.51,29550.0,29550.5,1842.96,1842.97
2023-08-08 14:26:30,1841.93,1841.99,29536.5,29537.0,1842.27,1842.28
2023-08-08 14:26:45,1842.32,1842.44,29536.0,29536.5,1842.41,1842.42
2023-08-08 14:27:02,1842.12,1842.2,29536.0,29536.5,1842.51,1842.52
2023-08-08 14:27:18,1842.12,1842.28,29509.0,29509.5,1842.37,1842.38
2023-08-08 14:27:34,1842.32,1842.46,29503.0,29503.5,1842.46,1842.47
2023-08-08 14:27:50,1842.39,1842.51,29506.0,29506.5,1842.44,1842.45
2023-08-08 14:28:05,1841.74,1841.97,29493.0,29493.5,1842.03,1842.04
2023-08-08 14:28:21,1841.61,1841.76,29488.0,29488.5,1841.94,1841.96
2023-08-08 14:28:37,1839.54,1839.72,29463.0,29463.5,1839.94,1839.96
2023-08-08 14:28:52,1840.27,1840.37,29480.5,29481.0,1840.67,1840.68
2023-08-08 14:29:09,1840.55,1840.63,29487.0,29487.5,1841.01,1841.02
2023-08-08 14:29:25,1840.41,1840.55,29478.5,29479.0,1840.9,1840.91
2023-08-08 14:29:40,1840.31,1840.4,29471.5,29472.0,1840.73,1840.74
2023-08-08 14:29:57,1840.08,1840.19,29470.0,29470.5,1840.44,1840.45
2023-08-08 14:30:12,1840.09,1840.19,29462.0,29462.5,1840.68,1840.69
2023-08-08 14:30:28,1840.92,1841.08,29478.0,29478.5,1841.23,1841.24
2023-08-08 14:30:43,1841.1,1841.21,29478.0,29478.5,1841.39,1841.4
2023-08-08 14:30:59,1841.64,1841.87,29495.5,29496.0,1842.21,1842.22
2023-08-08 14:31:15,1841.01,1841.12,29486.5,29487.0,1841.7,1841.72
2023-08-08 14:31:32,1840.49,1840.59,29474.5,29475.0,1841.44,1841.45
2023-08-08 14:31:50,1839.41,1839.6,29457.5,29458.0,1839.95,1839.96
2023-08-08 14:32:06,1839.78,1839.97,29463.5,29464.0,1840.2,1840.4
2023-08-08 14:32:22,1839.2,1839.36,29450.5,29451.0,1839.53,1839.55
2023-08-08 14:32:37,1838.9,1838.94,29453.0,29453.5,1839.09,1839.1
2023-08-08 14:32:54,1839.04,1839.17,29465.0,29465.5,1839.45,1839.46
2023-08-08 14:33:10,1839.57,1839.69,29455.5,29456.0,1839.8,1839.82
2023-08-08 14:33:26,1839.41,1839.5,29458.5,29459.0,1839.8,1839.81
2023-08-08 14:33:42,1837.92,1838.2,29435.0,29435.5,1839.0,1839.01
2023-08-08 14:34:00,1837.53,1837.6,29427.5,29428.0,1838.06,1838.07
2023-08-08 14:34:18,1838.26,1838.39,29449.5,29450.0,1838.87,1838.88
2023-08-08 14:34:33,1837.46,1837.61,29431.5,29432.0,1838.06,1838.07
2023-08-08 14:34:49,1837.9,1838.0,29439.5,29440.0,1838.18,1838.19
2023-08-08 14:35:06,1837.69,1837.77,29436.0,29436.5,1838.17,1838.18
2023-08-08 14:35:22,1837.49,1837.59,29430.0,29430.5,1837.79,1837.8
2023-08-08 14:35:38,1837.35,1837.51,29430.0,29430.5,1837.8,1837.82
2023-08-08 14:35:53,1836.92,1837.08,29414.0,29414.5,1837.5,1837.51
2023-08-08 14:36:09,1836.47,1836.6,29409.0,29409.5,1837.17,1837.18
2023-08-08 14:36:26,1836.53,1836.75,29401.0,29401.5,1836.88,1836.89
2023-08-08 14:36:42,1835.89,1836.04,29390.5,29391.0,1836.04,1836.05
2023-08-08 14:36:58,1834.91,1834.98,29370.5,29371.0,1835.16,1835.17
2023-08-08 14:37:14,1834.63,1834.75,29364.5,29365.0,1834.73,1834.75
2023-08-08 14:37:30,1835.62,1835.72,29375.0,29375.5,1835.68,1835.69
2023-08-08 14:37:45,1835.26,1835.35,29369.5,29370.0,1835.45,1835.46
2023-08-08 14:38:02,1835.43,1835.52,29379.0,29379.5,1835.47,1835.48
2023-08-08 14:38:17,1835.93,1836.09,29391.5,29392.0,1836.2,1836.21
2023-08-08 14:38:33,1835.3,1835.47,29377.0,29377.5,1835.45,1835.65
2023-08-08 14:38:49,1835.61,1835.73,29385.5,29386.0,1835.83,1835.84
2023-08-08 14:39:05,1835.06,1835.17,29374.0,29374.5,1835.44,1835.45
2023-08-08 14:39:22,1835.87,1835.99,29387.5,29388.0,1836.35,1836.36
2023-08-08 14:39:37,1837.01,1837.19,29400.0,29400.5,1837.3,1837.31
2023-08-08 14:39:54,1836.8,1836.85,29398.5,29399.0,1837.14,1837.15
2023-08-08 14:40:10,1836.21,1836.37,29394.5,29395.0,1836.74,1836.75
2023-08-08 14:40:25,1836.78,1836.86,29394.5,29395.0,1837.06,1837.07
2023-08-08 14:40:41,1836.73,1836.85,29401.5,29402.0,1837.06,1837.07
2023-08-08 14:40:57,1836.15,1836.38,29398.0,29398.5,1836.57,1836.58
2023-08-08 14:41:13,1834.91,1835.03,29376.0,29376.5,1835.44,1835.45
2023-08-08 14:41:28,1834.81,1834.89,29373.0,29373.5,1835.44,1835.45
2023-08-08 14:41:45,1834.81,1834.96,29367.5,29368.0,1834.58,1834.59
2023-08-08 14:42:01,1834.86,1835.0,29366.0,29366.5,1834.87,1834.89
2023-08-08 14:42:17,1835.43,1835.59,29373.0,29373.5,1835.53,1835.54
2023-08-08 14:42:33,1835.65,1835.76,29385.5,29386.0,1835.88,1835.89
2023-08-08 14:42:49,1835.12,1835.24,29376.0,29376.5,1835.38,1835.39
2023-08-08 14:43:06,1834.95,1835.06,29368.5,29369.0,1835.0,1835.01
2023-08-08 14:43:21,1834.85,1834.97,29368.0,29368.5,1835.0,1835.01
2023-08-08 14:43:41,1835.75,1835.84,29376.5,29377.0,1835.71,1835.72
2023-08-08 14:43:57,1834.81,1834.93,29369.5,29370.0,1835.17,1835.18
2023-08-08 14:44:13,1834.61,1834.74,29368.0,29368.5,1835.18,1835.19
2023-08-08 14:44:31,1834.63,1834.76,29356.0,29356.5,1835.18,1835.19
2023-08-08 14:44:48,1834.61,1834.73,29362.0,29362.5,1835.0,1835.01
2023-08-08 14:45:04,1834.28,1834.38,29361.0,29361.5,1834.51,1834.52
2023-08-08 14:45:20,1834.91,1835.04,29359.0,29359.5,1834.92,1834.93
2023-08-08 14:45:36,1835.6,1835.76,29366.5,29367.0,1835.54,1835.55
2023-08-08 14:45:51,1835.83,1835.93,29380.5,29381.0,1836.06,1836.07
2023-08-08 14:46:07,1835.87,1835.99,29380.5,29381.0,1836.16,1836.17
2023-08-08 14:46:22,1835.64,1835.75,29374.0,29374.5,1835.89,1835.9
2023-08-08 14:46:38,1836.4,1836.5,29378.5,29379.0,1836.66,1836.67
2023-08-08 14:46:55,1836.69,1836.79,29381.5,29382.0,1836.99,1837.0
2023-08-08 14:47:11,1836.38,1836.39,29381.5,29382.0,1836.99,1837.0
2023-08-08 14:47:29,1836.21,1836.37,29380.5,29381.0,1836.99,1837.0
2023-08-08 14:47:47,1835.91,1835.99,29377.5,29378.0,1836.44,1836.45
2023-08-08 14:48:03,1835.51,1835.61,29373.5,29374.0,1836.44,1836.45
2023-08-08 14:48:20,1834.61,1834.66,29360.0,29360.5,1834.94,1834.95
2023-08-08 14:48:36,1834.8,1834.93,29358.5,29359.0,1834.89,1834.9
2023-08-08 14:48:51,1835.28,1835.38,29358.5,29359.0,1835.8,1835.82
2023-08-08 14:49:08,1835.71,1835.81,29358.5,29359.0,1835.88,1835.89
2023-08-08 14:49:24,1835.23,1835.4,29354.0,29354.5,1835.8,1835.81
2023-08-08 14:49:42,1834.72,1834.86,29351.0,29351.5,1835.2,1835.21
2023-08-08 14:49:59,1834.46,1834.56,29345.5,29346.0,1834.84,1834.85
2023-08-08 14:50:14,1834.28,1834.45,29333.0,29333.5,1834.7,1834.71
2023-08-08 14:50:32,1833.88,1833.99,29333.0,29333.5,1834.5,1834.51
2023-08-08 14:50:49,1834.8,1834.84,29344.0,29344.5,1834.95,1834.97
2023-08-08 14:51:05,1835.23,1835.36,29350.5,29351.0,1835.36,1835.37
2023-08-08 14:51:21,1835.81,1835.99,29363.5,29364.0,1836.0,1836.01
2023-08-08 14:51:38,1835.31,1835.46,29361.0,29361.5,1835.7,1835.71
2023-08-08 14:51:54,1835.47,1835.64,29355.0,29355.5,1835.66,1835.67
2023-08-08 14:52:10,1834.74,1834.86,29347.0,29347.5,1835.2,1835.22
2023-08-08 14:52:27,1834.21,1834.32,29342.0,29342.5,1834.61,1834.62
2023-08-08 14:52:43,1834.17,1834.29,29338.5,29339.0,1834.49,1834.5
2023-08-08 14:52:59,1833.96,1834.03,29338.5,29339.0,1834.11,1834.12
2023-08-08 14:53:16,1834.85,1834.95,29350.0,29350.5,1834.98,1834.99
2023-08-08 14:53:32,1835.49,1835.57,29356.0,29356.5,1835.46,1835.47
2023-08-08 14:53:47,1835.56,1835.66,29356.0,29356.5,1835.82,1835.83
2023-08-08 14:54:03,1835.36,1835.46,29356.0,29356.5,1835.75,1835.76
2023-08-08 14:54:19,1835.61,1835.72,29356.0,29356.5,1835.51,1835.52
2023-08-08 14:54:35,1835.72,1835.82,29357.5,29358.0,1835.8,1835.81
2023-08-08 14:54:52,1835.58,1835.69,29360.5,29361.0,1835.57,1835.58
2023-08-08 14:55:08,1834.97,1835.1,29354.0,29354.5,1835.08,1835.09
2023-08-08 14:55:24,1834.55,1834.66,29347.0,29347.5,1834.59,1834.6
2023-08-08 14:55:39,1834.94,1835.04,29354.5,29355.0,1835.02,1835.03
2023-08-08 14:55:55,1835.34,1835.51,29359.5,29360.0,1835.54,1835.55
2023-08-08 14:56:11,1835.09,1835.18,29359.5,29360.0,1835.2,1835.21
2023-08-08 14:56:27,1835.41,1835.48,29361.5,29362.0,1835.33,1835.34
2023-08-08 14:56:43,1835.43,1835.48,29362.5,29363.0,1835.53,1835.54
2023-08-08 14:56:58,1835.53,1835.65,29369.5,29370.0,1835.83,1835.84
2023-08-08 14:57:14,1835.96,1836.03,29379.5,29380.0,1836.2,1836.21
2023-08-08 14:57:30,1836.21,1836.32,29381.5,29382.0,1836.32,1836.34
2023-08-08 14:57:45,1835.8,1835.81,29379.5,29380.0,1836.14,1836.15
2023-08-08 14:58:03,1835.92,1835.98,29374.0,29374.5,1836.12,1836.13
2023-08-08 14:58:19,1835.59,1835.63,29374.0,29374.5,1836.16,1836.17
2023-08-08 14:58:36,1835.3,1835.37,29369.5,29370.0,1835.6,1835.61
2023-08-08 14:58:52,1834.94,1835.02,29360.0,29360.5,1835.45,1835.46
2023-08-08 14:59:09,1834.61,1834.62,29353.0,29353.5,1835.03,1835.04
2023-08-08 14:59:27,1834.15,1834.28,29348.0,29348.5,1834.65,1834.66
2023-08-08 14:59:44,1834.04,1834.15,29348.0,29348.5,1834.55,1834.56
2023-08-08 15:00:01,1834.03,1834.21,29348.0,29348.5,1834.15,1834.16
2023-08-08 15:00:18,1834.26,1834.39,29348.0,29348.5,1834.33,1834.34
2023-08-08 15:00:33,1834.28,1834.39,29348.0,29348.5,1834.39,1834.4
2023-08-08 15:00:49,1834.31,1834.41,29349.5,29350.0,1834.39,1834.4
2023-08-08 15:01:06,1834.43,1834.56,29349.5,29350.0,1834.4,1834.41
2023-08-08 15:01:21,1834.62,1834.72,29352.5,29353.0,1834.57,1834.58
2023-08-08 15:01:37,1834.64,1834.76,29356.5,29357.0,1834.64,1834.65
2023-08-08 15:01:53,1834.54,1834.57,29356.5,29357.0,1834.54,1834.55
2023-08-08 15:02:09,1834.62,1834.72,29356.5,29357.0,1834.63,1834.64
2023-08-08 15:02:24,1834.95,1835.06,29356.5,29357.0,1835.07,1835.08
2023-08-08 15:02:41,1835.36,1835.41,29356.5,29357.0,1835.3,1835.31
2023-08-08 15:02:57,1835.35,1835.46,29356.5,29357.0,1835.54,1835.55
2023-08-08 15:03:13,1835.47,1835.6,29356.5,29357.0,1835.71,1835.72
2023-08-08 15:03:28,1835.58,1835.72,29356.5,29357.0,1835.72,1835.73
2023-08-08 15:03:44,1835.5,1835.6,29356.5,29357.0,1835.72,1835.73
2023-08-08 15:04:00,1835.39,1835.48,29356.5,29357.0,1835.71,1835.72
2023-08-08 15:04:16,1835.43,1835.53,29356.5,29357.0,1835.71,1835.72
2023-08-08 15:04:32,1835.42,1835.5,29356.5,29357.0,1835.72,1835.73
2023-08-08 15:04:49,1835.52,1835.62,29364.5,29365.0,1835.62,1835.63
2023-08-08 15:05:05,1836.11,1836.21,29367.0,29367.5,1836.18,1836.19
2023-08-08 15:05:22,1836.32,1836.43,29383.0,29383.5,1836.49,1836.5
2023-08-08 15:05:38,1836.87,1836.96,29391.5,29392.0,1836.99,1837.0
2023-08-08 15:05:54,1836.45,1836.55,29389.5,29390.0,1836.74,1836.75
2023-08-08 15:06:10,1835.89,1836.0,29387.5,29388.0,1836.27,1836.28
2023-08-08 15:06:25,1836.2,1836.31,29391.0,29391.5,1836.54,1836.56
2023-08-08 15:06:41,1836.32,1836.42,29394.0,29394.5,1836.66,1836.67
2023-08-08 15:06:57,1836.89,1837.06,29405.0,29405.5,1837.21,1837.22
2023-08-08 15:07:13,1837.02,1837.19,29409.5,29410.0,1837.24,1837.25
2023-08-08 15:07:29,1836.26,1836.42,29402.0,29402.5,1836.57,1836.58
2023-08-08 15:07:45,1836.34,1836.45,29398.0,29398.5,1836.67,1836.69
2023-08-08 15:08:01,1836.41,1836.5,29398.0,29398.5,1836.49,1836.5
2023-08-08 15:08:19,1836.01,1836.09,29398.0,29398.5,1836.27,1836.28
2023-08-08 15:08:34,1835.52,1835.6,29390.0,29390.5,1835.79,1835.8
2023-08-08 15:08:51,1835.46,1835.6,29383.0,29383.5,1835.63,1835.64
2023-08-08 15:09:07,1836.0,1836.18,29390.0,29390.5,1836.04,1836.05
2023-08-08 15:09:24,1836.28,1836.29,29399.5,29400.0,1836.43,1836.44
2023-08-08 15:09:41,1836.27,1836.39,29399.5,29400.0,1836.43,1836.44
2023-08-08 15:09:56,1835.67,1835.77,29392.0,29392.5,1836.09,1836.1
2023-08-08 15:10:12,1835.39,1835.47,29388.0,29388.5,1835.75,1835.76
2023-08-08 15:10:28,1835.34,1835.46,29387.5,29388.0,1835.7,1835.71
2023-08-08 15:10:44,1835.33,1835.39,29385.5,29386.0,1835.66,1835.68
2023-08-08 15:10:59,1835.16,1835.26,29385.5,29386.0,1835.66,1835.67
2023-08-08 15:11:15,1835.27,1835.37,29379.0,29379.5,1835.56,1835.57
2023-08-08 15:11:31,1835.23,1835.38,29380.5,29381.0,1835.64,1835.65
2023-08-08 15:11:47,1835.03,1835.09,29380.5,29381.0,1835.44,1835.45
2023-08-08 15:12:02,1835.07,1835.16,29372.5,29373.0,1835.44,1835.45
2023-08-08 15:12:18,1834.54,1834.65,29364.5,29365.0,1835.03,1835.04
2023-08-08 15:12:34,1835.21,1835.3,29369.5,29370.0,1835.27,1835.28
2023-08-08 15:12:51,1835.52,1835.59,29377.5,29378.0,1835.61,1835.62
2023-08-08 15:13:07,1836.07,1836.2,29386.5,29387.0,1836.12,1836.13
2023-08-08 15:13:24,1836.03,1836.19,29386.5,29387.0,1836.12,1836.13
2023-08-08 15:13:41,1835.68,1835.79,29384.0,29384.5,1836.11,1836.12
2023-08-08 15:13:57,1835.67,1835.75,29384.0,29384.5,1836.11,1836.12
2023-08-08 15:14:14,1835.01,1835.1,29373.5,29374.0,1835.56,1835.57
2023-08-08 15:14:30,1834.33,1834.45,29362.5,29363.0,1835.0,1835.01
2023-08-08 15:14:46,1834.47,1834.53,29362.5,29363.0,1834.65,1834.66
2023-08-08 15:15:02,1834.77,1834.85,29365.5,29366.0,1835.0,1835.01
2023-08-08 15:15:18,1835.06,1835.17,29363.5,29364.0,1835.08,1835.1
2023-08-08 15:15:36,1835.53,1835.65,29373.5,29374.0,1835.88,1835.89
2023-08-08 15:15:52,1835.9,1836.19,29377.5,29378.0,1835.99,1836.0
2023-08-08 15:16:10,1836.15,1836.2,29378.0,29378.5,1836.44,1836.45
2023-08-08 15:16:26,1836.38,1836.46,29383.5,29384.0,1836.46,1836.47
2023-08-08 15:16:43,1836.36,1836.47,29386.5,29387.0,1836.53,1836.54
2023-08-08 15:17:00,1835.9,1835.99,29387.5,29388.0,1836.43,1836.44
2023-08-08 15:17:15,1835.32,1835.46,29378.0,29378.5,1835.74,1835.75
2023-08-08 15:17:31,1834.96,1835.07,29371.0,29371.5,1835.44,1835.45
2023-08-08 15:17:46,1834.96,1835.03,29371.0,29371.5,1835.44,1835.45
2023-08-08 15:18:02,1835.79,1835.87,29380.5,29381.0,1836.09,1836.1
2023-08-08 15:18:19,1835.78,1835.83,29383.5,29384.0,1836.09,1836.1
2023-08-08 15:18:35,1835.64,1835.78,29383.5,29384.0,1836.09,1836.1
2023-08-08 15:18:52,1836.03,1836.19,29383.5,29384.0,1836.1,1836.11
2023-08-08 15:19:10,1835.81,1835.87,29383.5,29384.0,1835.96,1835.97
2023-08-08 15:19:25,1836.25,1836.34,29387.5,29388.0,1836.43,1836.44
2023-08-08 15:19:42,1836.46,1836.58,29399.5,29400.0,1836.77,1836.78
2023-08-08 15:19:58,1836.8,1836.86,29407.5,29408.0,1837.03,1837.04
2023-08-08 15:20:14,1836.87,1836.97,29409.0,29409.5,1837.01,1837.02
2023-08-08 15:20:31,1836.72,1836.86,29413.5,29414.0,1837.19,1837.2
2023-08-08 15:20:47,1837.0,1837.11,29413.5,29414.0,1837.07,1837.08
2023-08-08 15:21:04,1836.48,1836.52,29408.5,29409.0,1836.99,1837.0
2023-08-08 15:21:20,1836.35,1836.4,29408.5,29409.0,1836.65,1836.66
2023-08-08 15:21:35,1835.61,1835.77,29398.0,29398.5,1836.05,1836.06
2023-08-08 15:21:51,1835.65,1835.78,29398.0,29398.5,1835.95,1835.96
2023-08-08 15:22:07,1835.7,1835.77,29398.0,29398.5,1835.95,1835.96
2023-08-08 15:22:23,1835.39,1835.55,29398.0,29398.5,1836.2,1836.21
2023-08-08 15:22:39,1835.29,1835.38,29395.0,29395.5,1835.53,1835.55
2023-08-08 15:22:55,1836.24,1836.31,29400.5,29401.0,1836.43,1836.44
2023-08-08 15:23:10,1836.52,1836.65,29409.0,29409.5,1836.84,1836.85
2023-08-08 15:23:26,1836.49,1836.5,29412.5,29413.0,1836.85,1836.86
2023-08-08 15:23:42,1836.49,1836.68,29412.5,29413.0,1836.99,1837.0
2023-08-08 15:23:58,1836.76,1836.9,29412.5,29413.0,1836.99,1837.0
2023-08-08 15:24:16,1836.89,1837.01,29419.5,29420.0,1836.99,1837.0
2023-08-08 15:24:34,1836.83,1836.95,29422.0,29422.5,1837.18,1837.19
2023-08-08 15:24:50,1837.04,1837.15,29423.0,29423.5,1837.19,1837.2
2023-08-08 15:25:08,1836.8,1836.9,29423.0,29423.5,1837.16,1837.17
2023-08-08 15:25:24,1836.89,1836.99,29423.0,29423.5,1837.19,1837.2
2023-08-08 15:25:40,1837.04,1837.18,29423.0,29423.5,1837.19,1837.2
2023-08-08 15:25:58,1837.64,1837.79,29432.5,29433.0,1838.26,1838.27
2023-08-08 15:26:14,1837.44,1837.55,29432.5,29433.0,1837.97,1837.98
2023-08-08 15:26:30,1837.7,1837.75,29432.5,29433.0,1837.97,1837.99
2023-08-08 15:26:46,1837.35,1837.45,29432.5,29433.0,1837.93,1837.94
2023-08-08 15:27:01,1836.82,1836.99,29430.0,29430.5,1837.44,1837.45
2023-08-08 15:27:18,1836.91,1837.0,29424.5,29425.0,1837.31,1837.32
2023-08-08 15:27:33,1837.21,1837.35,29430.0,29430.5,1837.54,1837.55
2023-08-08 15:27:49,1837.35,1837.46,29430.0,29430.5,1837.62,1837.63
2023-08-08 15:28:05,1837.54,1837.65,29437.0,29437.5,1837.97,1837.98
2023-08-08 15:28:20,1837.63,1837.71,29439.0,29439.5,1837.97,1837.98
2023-08-08 15:28:36,1837.49,1837.6,29439.0,29439.5,1837.93,1837.94
2023-08-08 15:28:52,1837.64,1837.75,29439.0,29439.5,1838.04,1838.05
2023-08-08 15:29:07,1837.45,1837.53,29432.5,29433.0,1837.93,1837.94
2023-08-08 15:29:23,1838.01,1838.1,29439.5,29440.0,1838.28,1838.29
2023-08-08 15:29:38,1837.85,1837.99,29439.5,29440.0,1838.25,1838.26
2023-08-08 15:29:55,1837.89,1837.99,29439.5,29440.0,1838.33,1838.34
2023-08-08 15:30:11,1837.65,1837.79,29439.5,29440.0,1838.28,1838.29
2023-08-08 15:30:26,1837.29,1837.36,29437.0,29437.5,1837.57,1837.58
2023-08-08 15:30:42,1837.16,1837.2,29431.0,29431.5,1837.56,1837.57
2023-08-08 15:30:58,1837.11,1837.28,29431.0,29431.5,1837.57,1837.58
2023-08-08 15:31:13,1837.04,1837.13,29431.0,29431.5,1837.57,1837.58
2023-08-08 15:31:29,1837.58,1837.67,29439.5,29440.0,1837.99,1838.0
2023-08-08 15:31:46,1837.55,1837.63,29439.5,29440.0,1838.07,1838.08
2023-08-08 15:32:02,1837.84,1837.87,29439.5,29440.0,1838.23,1838.24
2023-08-08 15:32:18,1838.0,1838.08,29445.5,29446.0,1838.45,1838.46
2023-08-08 15:32:34,1838.05,1838.15,29445.5,29446.0,1838.47,1838.48
2023-08-08 15:32:49,1837.99,1838.19,29445.5,29446.0,1838.47,1838.48
2023-08-08 15:33:05,1837.75,1837.8,29445.5,29446.0,1838.47,1838.48
2023-08-08 15:33:21,1838.23,1838.32,29445.5,29446.0,1838.46,1838.47
2023-08-08 15:33:40,1838.09,1838.17,29445.5,29446.0,1838.64,1838.65
2023-08-08 15:33:56,1837.9,1837.97,29444.0,29444.5,1838.59,1838.6
2023-08-08 15:34:13,1837.61,1837.7,29437.0,29437.5,1838.45,1838.46
2023-08-08 15:34:29,1837.85,1837.94,29435.0,29435.5,1838.05,1838.06
2023-08-08 15:34:47,1837.97,1838.09,29437.5,29438.0,1838.25,1838.26
2023-08-08 15:35:05,1838.3,1838.37,29445.0,29445.5,1838.78,1838.79
2023-08-08 15:35:21,1838.28,1838.35,29445.0,29445.5,1838.8,1838.81
2023-08-08 15:35:36,1838.02,1838.19,29440.5,29441.0,1838.8,1838.81
2023-08-08 15:35:52,1837.81,1837.97,29437.5,29438.0,1838.43,1838.44
2023-08-08 15:36:09,1836.67,1836.79,29424.5,29425.0,1837.4,1837.41
2023-08-08 15:36:24,1836.8,1836.93,29418.0,29418.5,1837.11,1837.12
2023-08-08 15:36:42,1837.1,1837.15,29423.5,29424.0,1837.23,1837.24
2023-08-08 15:36:59,1837.32,1837.4,29431.0,29431.5,1837.72,1837.73
2023-08-08 15:37:15,1837.54,1837.63,29434.0,29434.5,1837.72,1837.73
2023-08-08 15:37:33,1836.99,1837.15,29425.5,29426.0,1837.35,1837.36
2023-08-08 15:37:50,1836.88,1836.96,29424.0,29424.5,1837.29,1837.31
2023-08-08 15:38:06,1837.09,1837.19,29424.0,29424.5,1837.3,1837.31
2023-08-08 15:38:23,1837.52,1837.65,29432.0,29432.5,1837.65,1837.66
2023-08-08 15:38:40,1837.71,1837.79,29439.5,29440.0,1838.01,1838.02
2023-08-08 15:38:58,1837.29,1837.33,29435.0,29435.5,1837.65,1837.66
2023-08-08 15:39:14,1837.61,1837.78,29443.0,29443.5,1837.97,1837.98
2023-08-08 15:39:32,1837.76,1837.84,29443.0,29443.5,1837.96,1837.97
2023-08-08 15:39:49,1838.02,1838.14,29449.5,29450.0,1838.26,1838.27
2023-08-08 15:40:06,1838.3,1838.39,29455.5,29456.0,1838.49,1838.5
2023-08-08 15:40:23,1838.42,1838.57,29458.5,29459.0,1838.77,1838.78
2023-08-08 15:40:41,1838.34,1838.45,29461.0,29461.5,1838.74,1838.75
2023-08-08 15:40:56,1838.31,1838.41,29463.5,29464.0,1838.55,1838.57
2023-08-08 15:41:14,1838.5,1838.58,29464.0,29464.5,1838.7,1838.71
2023-08-08 15:41:30,1838.46,1838.59,29472.0,29472.5,1838.82,1838.83
2023-08-08 15:41:46,1838.61,1838.74,29475.5,29476.0,1838.92,1838.93
2023-08-08 15:42:01,1839.16,1839.27,29476.0,29476.5,1839.58,1839.59
2023-08-08 15:42:18,1839.22,1839.32,29476.0,29476.5,1839.7,1839.71
2023-08-08 15:42:33,1839.29,1839.4,29476.0,29476.5,1839.65,1839.66
2023-08-08 15:42:49,1839.23,1839.29,29476.0,29476.5,1839.65,1839.66
2023-08-08 15:43:06,1839.28,1839.31,29478.0,29478.5,1839.66,1839.67
2023-08-08 15:43:21,1838.68,1838.8,29467.0,29467.5,1839.2,1839.21
2023-08-08 15:43:37,1838.82,1838.92,29467.0,29467.5,1839.21,1839.22
2023-08-08 15:43:53,1839.12,1839.25,29470.0,29470.5,1839.53,1839.54
2023-08-08 15:44:09,1839.3,1839.41,29474.5,29475.0,1839.53,1839.54
2023-08-08 15:44:25,1839.44,1839.59,29474.5,29475.0,1839.69,1839.7
2023-08-08 15:44:40,1839.41,1839.56,29476.5,29477.0,1839.69,1839.7
2023-08-08 15:44:56,1839.5,1839.59,29476.5,29477.0,1839.88,1839.89
2023-08-08 15:45:12,1839.5,1839.6,29476.5,29477.0,1839.87,1839.88
2023-08-08 15:45:27,1839.61,1839.7,29476.5,29477.0,1839.99,1840.0
2023-08-08 15:45:44,1839.61,1839.76,29476.5,29477.0,1839.99,1840.0
2023-08-08 15:45:59,1839.94,1840.04,29490.0,29490.5,1840.38,1840.39
2023-08-08 15:46:15,1840.02,1840.11,29490.5,29491.0,1840.39,1840.4
2023-08-08 15:46:31,1840.45,1840.55,29502.5,29503.0,1841.01,1841.02
2023-08-08 15:46:47,1840.6,1840.76,29504.0,29504.5,1841.21,1841.22
2023-08-08 15:47:05,1840.89,1840.97,29507.0,29507.5,1841.24,1841.25
2023-08-08 15:47:21,1841.06,1841.1,29513.0,29513.5,1841.47,1841.48
2023-08-08 15:47:37,1841.3,1841.39,29515.5,29516.0,1842.09,1842.1
2023-08-08 15:47:52,1841.64,1841.67,29522.0,29522.5,1842.1,1842.11
2023-08-08 15:48:09,1840.84,1840.99,29522.5,29523.0,1841.65,1841.66
2023-08-08 15:48:25,1840.58,1840.71,29513.0,29513.5,1840.88,1840.89
2023-08-08 15:48:43,1840.43,1840.55,29510.0,29510.5,1840.99,1841.0
2023-08-08 15:48:58,1840.16,1840.26,29504.0,29504.5,1840.8,1840.81
2023-08-08 15:49:14,1840.11,1840.22,29499.5,29500.0,1840.59,1840.6
2023-08-08 15:49:30,1840.19,1840.35,29499.5,29500.0,1840.58,1840.6
2023-08-08 15:49:46,1840.02,1840.19,29492.5,29493.0,1840.58,1840.59
2023-08-08 15:50:02,1840.12,1840.3,29494.5,29495.0,1840.81,1840.82
2023-08-08 15:50:19,1840.01,1840.11,29492.5,29493.0,1840.52,1840.53
2023-08-08 15:50:35,1839.84,1839.92,29488.0,29488.5,1840.33,1840.34
2023-08-08 15:50:51,1839.51,1839.6,29483.0,29483.5,1840.0,1840.01
2023-08-08 15:51:07,1839.34,1839.46,29470.0,29470.5,1839.94,1839.95
2023-08-08 15:51:23,1839.16,1839.24,29467.0,29467.5,1839.61,1839.62
2023-08-08 15:51:39,1839.51,1839.6,29477.0,29477.5,1839.61,1839.62
2023-08-08 15:51:57,1838.5,1838.59,29460.5,29461.0,1839.05,1839.07
2023-08-08 15:52:13,1838.3,1838.47,29458.0,29458.5,1838.4,1838.42
2023-08-08 15:52:29,1838.08,1838.16,29454.5,29455.0,1838.4,1838.41
2023-08-08 15:52:46,1838.21,1838.34,29454.5,29455.0,1838.5,1838.51
2023-08-08 15:53:03,1838.07,1838.17,29452.0,29452.5,1838.5,1838.51
2023-08-08 15:53:21,1837.9,1837.99,29444.5,29445.0,1838.21,1838.22
2023-08-08 15:53:37,1838.16,1838.26,29446.0,29446.5,1838.18,1838.2
2023-08-08 15:53:53,1838.08,1838.19,29446.0,29446.5,1838.36,1838.37
2023-08-08 15:54:11,1838.36,1838.5,29449.0,29449.5,1838.72,1838.73
2023-08-08 15:54:27,1839.15,1839.23,29463.0,29463.5,1839.43,1839.44
2023-08-08 15:54:43,1838.5,1838.61,29452.0,29452.5,1838.88,1838.89
2023-08-08 15:54:58,1838.96,1839.08,29461.0,29461.5,1839.3,1839.32
2023-08-08 15:55:14,1839.13,1839.19,29461.0,29461.5,1839.26,1839.27
2023-08-08 15:55:30,1839.32,1839.33,29467.5,29468.0,1839.42,1839.43
2023-08-08 15:55:46,1839.16,1839.27,29475.5,29476.0,1839.42,1839.43
2023-08-08 15:56:02,1838.69,1838.79,29469.0,29469.5,1838.93,1838.94
2023-08-08 15:56:18,1838.54,1838.62,29465.0,29465.5,1838.93,1838.94
2023-08-08 15:56:34,1838.19,1838.29,29462.0,29462.5,1838.45,1838.47
2023-08-08 15:56:50,1837.84,1837.99,29449.0,29449.5,1838.44,1838.45
2023-08-08 15:57:08,1837.81,1837.87,29446.5,29447.0,1837.95,1837.96
2023-08-08 15:57:25,1837.65,1837.72,29442.0,29442.5,1837.94,1837.95
2023-08-08 15:57:40,1837.53,1837.71,29429.5,29430.0,1837.94,1837.95
2023-08-08 15:57:56,1837.36,1837.5,29429.5,29430.0,1837.94,1837.95
2023-08-08 15:58:14,1837.61,1837.68,29429.5,29430.0,1837.94,1837.95
2023-08-08 15:58:29,1837.7,1837.8,29429.5,29430.0,1837.95,1837.96
2023-08-08 15:58:45,1837.48,1837.58,29429.5,29430.0,1837.94,1837.95
2023-08-08 15:59:01,1837.46,1837.58,29429.5,29430.0,1837.94,1837.95
2023-08-08 15:59:17,1837.4,1837.52,29429.5,29430.0,1837.94,1837.95
2023-08-08 15:59:35,1837.52,1837.62,29431.0,29431.5,1837.94,1837.95
2023-08-08 15:59:51,1837.3,1837.39,29429.0,29429.5,1837.94,1837.95
2023-08-08 16:00:09,1837.11,1837.19,29424.5,29425.0,1837.36,1837.37
2023-08-08 16:00:25,1837.45,1837.54,29428.0,29428.5,1837.48,1837.49
2023-08-08 16:00:41,1837.51,1837.67,29430.0,29430.5,1837.49,1837.5
2023-08-08 16:00:58,1837.85,1837.97,29436.0,29436.5,1838.13,1838.14
2023-08-08 16:01:13,1837.38,1837.56,29422.5,29423.0,1837.62,1837.63
2023-08-08 16:01:30,1837.46,1837.59,29427.0,29427.5,1837.73,1837.74
2023-08-08 16:01:46,1837.43,1837.57,29426.5,29427.0,1837.73,1837.74
2023-08-08 16:02:02,1837.66,1837.75,29426.5,29427.0,1837.74,1837.75
2023-08-08 16:02:17,1837.59,1837.68,29426.5,29427.0,1837.74,1837.75
2023-08-08 16:02:33,1837.44,1837.54,29426.5,29427.0,1837.61,1837.62
2023-08-08 16:02:49,1837.47,1837.59,29426.5,29427.0,1837.49,1837.5
2023-08-08 16:03:05,1837.31,1837.46,29426.5,29427.0,1837.47,1837.48
2023-08-08 16:03:21,1837.52,1837.64,29427.0,29427.5,1837.51,1837.52
2023-08-08 16:03:40,1838.06,1838.15,29435.5,29436.0,1837.93,1837.94
2023-08-08 16:03:56,1837.98,1838.09,29438.0,29438.5,1837.82,1837.83
2023-08-08 16:04:11,1838.09,1838.27,29442.5,29443.0,1838.13,1838.14
2023-08-08 16:04:27,1837.89,1838.03,29439.5,29440.0,1838.2,1838.21
2023-08-08 16:04:43,1838.17,1838.25,29437.5,29438.0,1838.11,1838.12
2023-08-08 16:04:59,1837.94,1837.99,29437.5,29438.0,1838.16,1838.17
2023-08-08 16:05:15,1837.81,1837.89,29435.5,29436.0,1838.09,1838.1
2023-08-08 16:05:31,1838.03,1838.14,29431.0,29431.5,1838.05,1838.06
2023-08-08 16:05:48,1838.04,1838.14,29431.0,29431.5,1838.05,1838.06
2023-08-08 16:06:03,1838.0,1838.14,29431.0,29431.5,1838.06,1838.07
2023-08-08 16:06:19,1838.22,1838.36,29431.0,29431.5,1838.23,1838.24
2023-08-08 16:06:34,1838.67,1838.75,29433.5,29434.0,1838.65,1838.66
2023-08-08 16:06:50,1838.97,1839.02,29442.0,29442.5,1839.14,1839.15
2023-08-08 16:07:07,1839.11,1839.2,29442.0,29442.5,1839.14,1839.15
2023-08-08 16:07:22,1839.38,1839.46,29442.0,29442.5,1839.39,1839.4
2023-08-08 16:07:38,1839.62,1839.68,29455.0,29455.5,1839.72,1839.73
2023-08-08 16:07:54,1839.69,1839.83,29455.0,29455.5,1839.72,1839.73
2023-08-08 16:08:10,1839.83,1839.92,29458.0,29458.5,1839.93,1839.94
2023-08-08 16:08:25,1839.88,1839.98,29458.0,29458.5,1839.98,1839.99
2023-08-08 16:08:41,1839.26,1839.38,29458.0,29458.5,1839.44,1839.45
2023-08-08 16:08:57,1839.61,1839.69,29458.0,29458.5,1839.72,1839.73
2023-08-08 16:09:14,1839.59,1839.68,29458.0,29458.5,1839.63,1839.64
2023-08-08 16:09:30,1839.61,1839.71,29458.0,29458.5,1839.64,1839.65
2023-08-08 16:09:46,1839.92,1840.0,29464.0,29464.5,1839.64,1839.65
2023-08-08 16:10:01,1839.65,1839.79,29464.0,29464.5,1839.79,1839.8
2023-08-08 16:10:17,1839.87,1840.03,29464.5,29465.0,1839.79,1839.8
2023-08-08 16:10:32,1839.5,1839.59,29464.5,29465.0,1839.79,1839.8
2023-08-08 16:10:50,1839.33,1839.47,29464.5,29465.0,1839.46,1839.48
2023-08-08 16:11:06,1839.2,1839.25,29464.5,29465.0,1839.31,1839.32
2023-08-08 16:11:21,1839.09,1839.17,29460.5,29461.0,1839.21,1839.22
2023-08-08 16:11:38,1839.04,1839.15,29460.5,29461.0,1839.16,1839.17
2023-08-08 16:11:54,1839.55,1839.64,29460.5,29461.0,1839.43,1839.44
2023-08-08 16:12:09,1839.48,1839.63,29453.0,29453.5,1839.43,1839.44
2023-08-08 16:12:25,1839.85,1839.95,29460.5,29461.0,1839.64,1839.65
2023-08-08 16:12:41,1839.88,1839.99,29461.0,29461.5,1839.64,1839.65
2023-08-08 16:12:57,1839.27,1839.42,29459.5,29460.0,1839.64,1839.65
2023-08-08 16:13:14,1839.34,1839.44,29458.0,29458.5,1839.26,1839.27
2023-08-08 16:13:30,1839.6,1839.67,29458.0,29458.5,1839.34,1839.35
2023-08-08 16:13:46,1839.42,1839.49,29458.0,29458.5,1839.25,1839.26
2023-08-08 16:14:01,1839.48,1839.63,29458.0,29458.5,1839.25,1839.26
2023-08-08 16:14:17,1839.97,1840.05,29461.0,29461.5,1839.79,1839.8
2023-08-08 16:14:33,1839.83,1839.95,29463.5,29464.0,1839.79,1839.8
2023-08-08 16:14:50,1839.8,1839.87,29465.0,29465.5,1839.69,1839.7
2023-08-08 16:15:06,1839.95,1839.99,29465.0,29465.5,1839.73,1839.74
2023-08-08 16:15:22,1839.59,1839.73,29465.0,29465.5,1839.59,1839.6
2023-08-08 16:15:39,1839.63,1839.74,29465.0,29465.5,1839.58,1839.59
2023-08-08 16:15:54,1839.73,1839.79,29465.0,29465.5,1839.59,1839.6
2023-08-08 16:16:10,1839.84,1839.96,29465.0,29465.5,1839.61,1839.62
2023-08-08 16:16:26,1839.91,1840.0,29465.0,29465.5,1839.79,1839.8
2023-08-08 16:16:43,1839.99,1840.06,29465.0,29465.5,1839.8,1839.81
2023-08-08 16:16:58,1840.06,1840.15,29465.0,29465.5,1839.99,1840.0
2023-08-08 16:17:14,1840.52,1840.59,29465.0,29465.5,1840.46,1840.47
2023-08-08 16:17:30,1840.51,1840.59,29470.0,29470.5,1840.47,1840.48
2023-08-08 16:17:46,1840.29,1840.45,29470.0,29470.5,1840.7,1840.71
2023-08-08 16:18:03,1839.9,1840.05,29466.0,29466.5,1839.86,1839.87
2023-08-08 16:18:19,1839.35,1839.48,29459.0,29459.5,1839.44,1839.45
2023-08-08 16:18:35,1839.1,1839.15,29459.0,29459.5,1838.81,1838.82
2023-08-08 16:18:50,1839.55,1839.63,29464.0,29464.5,1839.43,1839.44
2023-08-08 16:19:07,1839.72,1839.85,29464.0,29464.5,1839.43,1839.44
2023-08-08 16:19:23,1839.82,1839.91,29467.5,29468.0,1839.69,1839.7
2023-08-08 16:19:39,1839.76,1839.85,29471.5,29472.0,1839.69,1839.7
2023-08-08 16:19:55,1839.71,1839.85,29472.5,29473.0,1839.69,1839.7
2023-08-08 16:20:11,1840.3,1840.39,29487.5,29488.0,1840.41,1840.42
2023-08-08 16:20:29,1840.74,1840.82,29493.0,29493.5,1840.75,1840.76
2023-08-08 16:20:46,1840.82,1840.88,29498.5,29499.0,1840.83,1840.85
2023-08-08 16:21:02,1840.63,1840.74,29498.5,29499.0,1840.83,1840.84
2023-08-08 16:21:20,1840.59,1840.73,29494.5,29495.0,1840.77,1840.78
2023-08-08 16:21:37,1840.45,1840.58,29492.0,29492.5,1840.42,1840.43
2023-08-08 16:21:53,1840.41,1840.49,29491.0,29491.5,1840.53,1840.54
2023-08-08 16:22:11,1840.63,1840.73,29491.0,29491.5,1840.44,1840.45
2023-08-08 16:22:27,1840.82,1840.91,29491.0,29491.5,1840.73,1840.74
2023-08-08 16:22:42,1840.88,1840.97,29499.0,29499.5,1840.84,1840.85
2023-08-08 16:22:59,1840.94,1841.12,29502.0,29502.5,1840.93,1840.94
2023-08-08 16:23:15,1841.27,1841.35,29509.0,29509.5,1841.23,1841.24
2023-08-08 16:23:30,1840.86,1840.97,29503.0,29503.5,1840.97,1840.98
2023-08-08 16:23:48,1840.76,1840.85,29503.0,29503.5,1840.97,1840.98
2023-08-08 16:24:04,1840.75,1840.85,29503.0,29503.5,1840.97,1840.98
2023-08-08 16:24:20,1840.61,1840.72,29500.5,29501.0,1840.97,1840.98
2023-08-08 16:24:36,1840.9,1841.04,29500.5,29501.0,1840.97,1840.99
2023-08-08 16:24:51,1841.13,1841.26,29500.5,29501.0,1841.21,1841.22
2023-08-08 16:25:07,1841.36,1841.43,29500.5,29501.0,1841.42,1841.43
2023-08-08 16:25:25,1841.57,1841.66,29505.5,29506.0,1841.65,1841.66
2023-08-08 16:25:41,1841.37,1841.45,29505.5,29506.0,1841.65,1841.66
2023-08-08 16:25:57,1841.4,1841.52,29503.0,29503.5,1841.45,1841.46
2023-08-08 16:26:13,1841.01,1841.12,29500.0,29500.5,1841.44,1841.45
2023-08-08 16:26:28,1841.14,1841.25,29496.5,29497.0,1841.44,1841.45
2023-08-08 16:26:44,1841.23,1841.36,29493.0,29493.5,1841.18,1841.19
2023-08-08 16:27:00,1841.09,1841.13,29493.0,29493.5,1841.22,1841.23
2023-08-08 16:27:16,1840.69,1840.78,29490.0,29490.5,1840.88,1840.89
2023-08-08 16:27:33,1840.28,1840.35,29484.0,29484.5,1840.44,1840.45
2023-08-08 16:27:48,1840.53,1840.66,29484.0,29484.5,1840.46,1840.47
2023-08-08 16:28:06,1840.54,1840.66,29484.0,29484.5,1840.69,1840.7
2023-08-08 16:28:23,1841.01,1841.13,29490.0,29490.5,1840.99,1841.0
2023-08-08 16:28:38,1841.13,1841.28,29493.0,29493.5,1841.16,1841.17
2023-08-08 16:28:54,1841.05,1841.18,29493.0,29493.5,1841.16,1841.17
2023-08-08 16:29:10,1840.92,1841.05,29493.0,29493.5,1841.18,1841.19
2023-08-08 16:29:26,1841.05,1841.16,29493.0,29493.5,1841.17,1841.18
2023-08-08 16:29:42,1840.83,1840.95,29493.0,29493.5,1841.15,1841.16
2023-08-08 16:29:58,1841.03,1841.14,29493.0,29493.5,1841.16,1841.17
2023-08-08 16:30:14,1840.9,1840.98,29493.0,29493.5,1841.1,1841.11
2023-08-08 16:30:30,1841.07,1841.19,29493.0,29493.5,1841.1,1841.11
2023-08-08 16:30:46,1840.72,1840.78,29493.0,29493.5,1840.79,1840.8
2023-08-08 16:31:02,1840.67,1840.76,29493.0,29493.5,1840.75,1840.76
2023-08-08 16:31:18,1840.81,1840.9,29493.0,29493.5,1840.76,1840.77
2023-08-08 16:31:35,1841.08,1841.15,29493.0,29493.5,1841.03,1841.04
2023-08-08 16:31:50,1841.06,1841.15,29493.0,29493.5,1841.03,1841.04
2023-08-08 16:32:06,1841.18,1841.27,29497.5,29498.0,1841.1,1841.11
2023-08-08 16:32:22,1841.32,1841.47,29497.5,29498.0,1841.1,1841.11
2023-08-08 16:32:39,1841.26,1841.39,29497.5,29498.0,1841.23,1841.24
2023-08-08 16:32:54,1841.23,1841.3,29497.5,29498.0,1841.24,1841.25
2023-08-08 16:33:10,1841.49,1841.59,29503.5,29504.0,1841.5,1841.51
2023-08-08 16:33:26,1841.58,1841.62,29503.5,29504.0,1841.62,1841.63
2023-08-08 16:33:41,1841.7,1841.76,29503.5,29504.0,1841.65,1841.66
2023-08-08 16:33:57,1841.72,1841.81,29503.5,29504.0,1841.84,1841.85
2023-08-08 16:34:13,1841.86,1841.94,29503.5,29504.0,1842.04,1842.05
2023-08-08 16:34:28,1841.84,1841.95,29503.5,29504.0,1842.05,1842.06
2023-08-08 16:34:44,1841.83,1841.9,29508.0,29508.5,1842.04,1842.05
2023-08-08 16:35:01,1841.88,1841.99,29508.0,29508.5,1842.04,1842.05
2023-08-08 16:35:16,1841.95,1842.09,29508.0,29508.5,1842.05,1842.06
2023-08-08 16:35:32,1842.14,1842.24,29514.0,29514.5,1842.05,1842.06
2023-08-08 16:35:50,1842.3,1842.42,29518.0,29518.5,1842.34,1842.35
2023-08-08 16:36:05,1842.3,1842.42,29518.0,29518.5,1842.43,1842.44
2023-08-08 16:36:21,1842.41,1842.53,29518.0,29518.5,1842.43,1842.44
2023-08-08 16:36:37,1842.42,1842.56,29518.0,29518.5,1842.44,1842.45
2023-08-08 16:36:55,1842.63,1842.7,29518.0,29518.5,1842.58,1842.59
2023-08-08 16:37:11,1842.9,1843.04,29519.5,29520.0,1842.77,1842.78
2023-08-08 16:37:29,1842.91,1843.0,29521.5,29522.0,1843.09,1843.1
2023-08-08 16:37:44,1843.09,1843.18,29524.0,29524.5,1843.17,1843.18
2023-08-08 16:38:00,1843.44,1843.56,29539.5,29540.0,1843.82,1843.83
2023-08-08 16:38:15,1843.17,1843.32,29541.0,29541.5,1843.82,1843.83
2023-08-08 16:38:31,1843.36,1843.47,29541.5,29542.0,1843.67,1843.68
2023-08-08 16:38:47,1843.23,1843.32,29541.5,29542.0,1843.41,1843.42
2023-08-08 16:39:02,1843.22,1843.32,29549.5,29550.0,1843.45,1843.46
2023-08-08 16:39:18,1842.97,1843.08,29549.5,29550.0,1843.38,1843.39
2023-08-08 16:39:34,1843.46,1843.58,29549.5,29550.0,1843.43,1843.44
2023-08-08 16:39:51,1843.85,1843.99,29560.0,29560.5,1843.78,1843.79
2023-08-08 16:40:08,1843.61,1843.74,29564.5,29565.0,1843.73,1843.74
2023-08-08 16:40:24,1843.53,1843.69,29564.5,29565.0,1843.72,1843.73
2023-08-08 16:40:39,1843.63,1843.71,29565.0,29565.5,1843.72,1843.73
2023-08-08 16:40:56,1844.01,1844.13,29579.0,29579.5,1843.99,1844.0
2023-08-08 16:41:13,1843.5,1843.58,29576.0,29576.5,1843.86,1843.87
2023-08-08 16:41:29,1843.51,1843.57,29568.5,29569.0,1843.77,1843.78
2023-08-08 16:41:44,1843.67,1843.77,29569.5,29570.0,1843.78,1843.79
2023-08-08 16:42:00,1844.0,1844.09,29580.0,29580.5,1843.86,1843.87
2023-08-08 16:42:18,1843.27,1843.54,29587.5,29588.0,1843.59,1843.6
2023-08-08 16:42:34,1842.9,1843.07,29576.0,29576.5,1843.05,1843.07
2023-08-08 16:42:49,1843.04,1843.09,29573.0,29573.5,1842.94,1842.95
2023-08-08 16:43:07,1842.82,1842.93,29573.5,29574.0,1842.77,1842.78
2023-08-08 16:43:23,1842.96,1843.06,29563.5,29564.0,1842.81,1842.82
2023-08-08 16:43:39,1842.85,1843.01,29563.5,29564.0,1842.78,1842.79
2023-08-08 16:44:02,1842.87,1842.97,29563.5,29564.0,1842.78,1842.79
2023-08-08 16:44:19,1842.83,1842.95,29563.5,29564.0,1842.68,1842.69
2023-08-08 16:44:34,1842.67,1842.78,29555.5,29556.0,1842.68,1842.69
2023-08-08 16:44:50,1842.9,1843.0,29556.5,29557.0,1842.77,1842.78
2023-08-08 16:45:05,1843.63,1843.74,29579.5,29580.0,1843.62,1843.63
2023-08-08 16:45:21,1843.53,1843.59,29579.5,29580.0,1843.45,1843.46
2023-08-08 16:45:37,1843.81,1843.91,29585.5,29586.0,1843.63,1843.64
2023-08-08 16:45:53,1843.85,1843.95,29585.5,29586.0,1843.76,1843.77
2023-08-08 16:46:08,1843.47,1843.64,29582.0,29582.5,1843.44,1843.45
2023-08-08 16:46:24,1843.65,1843.77,29586.0,29586.5,1843.45,1843.47
2023-08-08 16:46:40,1843.85,1843.96,29590.5,29591.0,1843.56,1843.57
2023-08-08 16:46:56,1843.37,1843.51,29580.5,29581.0,1843.43,1843.44
2023-08-08 16:47:11,1843.35,1843.45,29575.0,29575.5,1843.43,1843.44
2023-08-08 16:47:27,1843.59,1843.65,29575.0,29575.5,1843.43,1843.44
2023-08-08 16:47:43,1844.0,1844.13,29574.5,29575.0,1843.44,1843.45
2023-08-08 16:47:58,1843.4,1843.5,29572.5,29573.0,1843.43,1843.44
2023-08-08 16:48:14,1843.73,1843.85,29572.5,29573.0,1843.63,1843.64
2023-08-08 16:48:30,1843.89,1843.98,29574.5,29575.0,1843.69,1843.7
2023-08-08 16:48:46,1843.84,1843.94,29572.5,29573.0,1843.83,1843.84
2023-08-08 16:49:02,1844.27,1844.39,29572.5,29573.0,1844.25,1844.26
2023-08-08 16:49:18,1844.08,1844.19,29572.5,29573.0,1843.98,1843.99
2023-08-08 16:49:34,1843.82,1843.93,29571.5,29572.0,1843.76,1843.77
2023-08-08 16:49:50,1843.88,1843.98,29570.0,29570.5,1843.84,1843.85
2023-08-08 16:50:06,1844.04,1844.14,29567.0,29567.5,1843.71,1843.72
2023-08-08 16:50:22,1844.01,1844.14,29569.0,29569.5,1843.83,1843.84
2023-08-08 16:50:38,1844.23,1844.34,29574.5,29575.0,1843.97,1843.99
2023-08-08 16:50:54,1844.21,1844.24,29574.5,29575.0,1844.04,1844.05
2023-08-08 16:51:10,1844.06,1844.19,29574.5,29575.0,1844.01,1844.02
2023-08-08 16:51:26,1843.97,1844.12,29574.5,29575.0,1843.88,1843.89
2023-08-08 16:51:42,1843.46,1843.58,29567.0,29567.5,1843.44,1843.45
2023-08-08 16:51:58,1843.64,1843.71,29567.0,29567.5,1843.44,1843.45
2023-08-08 16:52:14,1843.52,1843.6,29567.0,29567.5,1843.41,1843.42
2023-08-08 16:52:31,1843.87,1843.96,29574.0,29574.5,1843.64,1843.65
2023-08-08 16:52:46,1843.52,1843.64,29574.5,29575.0,1843.44,1843.45
2023-08-08 16:53:02,1843.8,1843.95,29574.5,29575.0,1843.43,1843.44
2023-08-08 16:53:18,1843.98,1844.08,29574.5,29575.0,1843.68,1843.69
2023-08-08 16:53:34,1843.62,1843.73,29570.0,29570.5,1843.61,1843.62
2023-08-08 16:53:50,1843.55,1843.6,29570.0,29570.5,1843.46,1843.47
2023-08-08 16:54:05,1843.36,1843.44,29561.5,29562.0,1843.34,1843.35
2023-08-08 16:54:21,1842.83,1842.92,29554.0,29554.5,1843.02,1843.03
2023-08-08 16:54:38,1842.61,1842.79,29550.5,29551.0,1842.69,1842.7
2023-08-08 16:54:56,1842.64,1842.71,29550.5,29551.0,1842.6,1842.61
2023-08-08 16:55:14,1842.81,1842.91,29550.5,29551.0,1842.68,1842.69
2023-08-08 16:55:30,1843.01,1843.08,29557.5,29558.0,1842.99,1843.0
2023-08-08 16:55:48,1842.82,1842.9,29564.0,29564.5,1842.7,1842.71
2023-08-08 16:56:03,1842.74,1842.89,29564.0,29564.5,1842.69,1842.7
2023-08-08 16:56:19,1842.87,1842.99,29564.0,29564.5,1842.79,1842.8
2023-08-08 16:56:35,1842.8,1842.89,29564.0,29564.5,1842.74,1842.75
2023-08-08 16:56:50,1842.69,1842.85,29562.5,29563.0,1842.75,1842.76
2023-08-08 16:57:06,1842.55,1842.66,29558.5,29559.0,1842.74,1842.75
2023-08-08 16:57:24,1842.3,1842.41,29545.5,29546.0,1842.51,1842.52
2023-08-08 16:57:42,1842.48,1842.59,29545.5,29546.0,1842.46,1842.47
2023-08-08 16:57:58,1841.88,1841.98,29540.0,29540.5,1842.14,1842.15
2023-08-08 16:58:15,1841.87,1841.98,29538.0,29538.5,1842.04,1842.05
2023-08-08 16:58:32,1841.67,1841.79,29528.5,29529.0,1841.94,1841.95
2023-08-08 16:58:48,1841.87,1841.98,29528.5,29529.0,1841.94,1841.95
2023-08-08 16:59:05,1841.64,1841.73,29528.5,29529.0,1841.84,1841.85
2023-08-08 16:59:22,1841.71,1841.79,29525.5,29526.0,1841.84,1841.85
2023-08-08 16:59:38,1842.17,1842.29,29525.5,29526.0,1842.15,1842.16
2023-08-08 16:59:55,1842.1,1842.19,29525.5,29526.0,1842.28,1842.29
2023-08-08 17:00:14,1841.81,1841.99,29525.5,29526.0,1841.93,1841.94
2023-08-08 17:00:30,1841.95,1842.08,29527.5,29528.0,1841.93,1841.94
2023-08-08 17:00:46,1842.23,1842.29,29534.0,29534.5,1842.13,1842.14
2023-08-08 17:01:02,1842.22,1842.31,29534.5,29535.0,1842.16,1842.17
2023-08-08 17:01:17,1842.43,1842.51,29534.5,29535.0,1842.24,1842.25
2023-08-08 17:01:33,1841.81,1841.94,29534.5,29535.0,1841.93,1841.94
2023-08-08 17:01:51,1841.97,1842.05,29528.5,29529.0,1841.93,1841.94
2023-08-08 17:02:07,1842.1,1842.19,29534.0,29534.5,1841.96,1841.97
2023-08-08 17:02:23,1841.93,1842.09,29534.0,29534.5,1841.95,1841.96
2023-08-08 17:02:38,1842.04,1842.15,29534.0,29534.5,1841.95,1841.96
2023-08-08 17:02:54,1841.91,1842.0,29534.0,29534.5,1841.95,1841.96
2023-08-08 17:03:10,1841.89,1842.03,29534.5,29535.0,1841.95,1841.96
2023-08-08 17:03:25,1841.83,1841.94,29534.5,29535.0,1841.95,1841.96
2023-08-08 17:03:43,1841.83,1841.91,29534.5,29535.0,1841.95,1841.96
2023-08-08 17:03:59,1841.98,1841.99,29534.5,29535.0,1841.95,1841.96
2023-08-08 17:04:15,1841.84,1841.93,29534.5,29535.0,1841.95,1841.96
2023-08-08 17:04:31,1841.66,1841.77,29534.5,29535.0,1841.93,1841.94
2023-08-08 17:04:47,1841.79,1841.89,29534.5,29535.0,1841.93,1841.94
2023-08-08 17:05:03,1842.01,1842.14,29543.0,29543.5,1841.96,1841.97
2023-08-08 17:05:19,1841.92,1842.0,29545.0,29545.5,1841.96,1841.97
2023-08-08 17:05:35,1842.11,1842.19,29545.0,29545.5,1841.96,1841.97
2023-08-08 17:05:51,1842.09,1842.21,29545.0,29545.5,1842.04,1842.05
2023-08-08 17:06:07,1842.09,1842.37,29545.0,29545.5,1842.1,1842.11
2023-08-08 17:06:25,1842.1,1842.23,29545.0,29545.5,1842.16,1842.17
2023-08-08 17:06:40,1842.19,1842.36,29545.0,29545.5,1842.31,1842.32
2023-08-08 17:06:56,1842.48,1842.57,29557.5,29558.0,1842.55,1842.56
2023-08-08 17:07:13,1842.86,1842.96,29562.0,29562.5,1842.86,1842.87
2023-08-08 17:07:28,1842.8,1842.89,29562.0,29562.5,1842.85,1842.86
2023-08-08 17:07:44,1843.0,1843.1,29562.0,29562.5,1843.0,1843.01
2023-08-08 17:08:00,1842.84,1842.99,29562.0,29562.5,1843.11,1843.12
2023-08-08 17:08:19,1842.93,1843.1,29562.0,29562.5,1843.19,1843.2
2023-08-08 17:08:34,1843.03,1843.11,29562.0,29562.5,1843.23,1843.24
2023-08-08 17:08:50,1843.29,1843.39,29562.0,29562.5,1843.4,1843.41
2023-08-08 17:09:06,1843.2,1843.32,29562.0,29562.5,1843.43,1843.44
2023-08-08 17:09:22,1843.34,1843.47,29562.0,29562.5,1843.57,1843.59
2023-08-08 17:09:37,1843.24,1843.33,29562.0,29562.5,1843.53,1843.54
2023-08-08 17:09:54,1843.38,1843.47,29562.0,29562.5,1843.53,1843.54
2023-08-08 17:10:10,1843.3,1843.39,29567.5,29568.0,1843.59,1843.6
2023-08-08 17:10:26,1843.05,1843.17,29567.5,29568.0,1843.53,1843.54
2023-08-08 17:10:42,1843.46,1843.54,29569.5,29570.0,1843.59,1843.6
2023-08-08 17:10:58,1843.49,1843.59,29569.5,29570.0,1843.63,1843.65
2023-08-08 17:11:14,1843.73,1843.84,29574.0,29574.5,1843.69,1843.7
2023-08-08 17:11:31,1843.69,1843.79,29574.0,29574.5,1843.84,1843.85
2023-08-08 17:11:47,1843.61,1843.71,29574.0,29574.5,1843.86,1843.87
2023-08-08 17:12:03,1843.55,1843.69,29574.0,29574.5,1843.86,1843.87
2023-08-08 17:12:19,1843.72,1843.8,29574.0,29574.5,1843.86,1843.87
2023-08-08 17:12:34,1843.25,1843.34,29574.0,29574.5,1843.62,1843.63
2023-08-08 17:12:50,1843.56,1843.65,29574.0,29574.5,1843.68,1843.69
2023-08-08 17:13:06,1843.97,1844.03,29587.5,29588.0,1843.99,1844.0
2023-08-08 17:13:22,1844.01,1844.1,29598.0,29598.5,1844.25,1844.26
2023-08-08 17:13:38,1844.12,1844.19,29598.0,29598.5,1844.32,1844.33
2023-08-08 17:13:53,1843.88,1843.97,29582.0,29582.5,1844.22,1844.23
2023-08-08 17:14:10,1843.7,1843.78,29588.0,29588.5,1843.96,1843.97
2023-08-08 17:14:26,1844.03,1844.1,29590.0,29590.5,1844.2,1844.21
2023-08-08 17:14:42,1843.91,1844.0,29588.0,29588.5,1844.07,1844.08
2023-08-08 17:14:58,1843.9,1843.99,29586.0,29586.5,1844.01,1844.02
2023-08-08 17:15:14,1844.02,1844.1,29596.0,29596.5,1844.19,1844.21
2023-08-08 17:15:30,1844.31,1844.4,29598.0,29598.5,1844.42,1844.43
2023-08-08 17:15:46,1844.6,1844.61,29605.5,29606.0,1844.87,1844.88
2023-08-08 17:16:02,1845.04,1845.14,29608.5,29609.0,1845.09,1845.1
2023-08-08 17:16:19,1845.21,1845.35,29622.0,29622.5,1845.43,1845.45
2023-08-08 17:16:35,1845.36,1845.5,29636.5,29637.0,1845.58,1845.59
2023-08-08 17:16:51,1844.66,1844.76,29616.0,29616.5,1845.0,1845.01
2023-08-08 17:17:07,1843.75,1843.89,29596.5,29597.0,1844.06,1844.07
2023-08-08 17:17:23,1843.44,1843.6,29590.5,29591.0,1843.63,1843.64
2023-08-08 17:17:38,1843.84,1843.99,29586.0,29586.5,1843.98,1844.0
2023-08-08 17:17:54,1844.49,1844.66,29612.5,29613.0,1844.61,1844.62
2023-08-08 17:18:12,1843.94,1844.1,29594.0,29594.5,1844.19,1844.2
2023-08-08 17:18:28,1843.52,1843.67,29584.0,29584.5,1843.75,1843.76
2023-08-08 17:18:44,1843.11,1843.28,29579.5,29580.0,1843.4,1843.42
2023-08-08 17:19:00,1843.38,1843.53,29579.5,29580.0,1843.57,1843.58
2023-08-08 17:19:16,1843.41,1843.57,29577.5,29578.0,1843.57,1843.58
2023-08-08 17:19:31,1843.2,1843.33,29577.5,29578.0,1843.47,1843.48
2023-08-08 17:19:47,1842.85,1842.96,29575.0,29575.5,1843.12,1843.13
2023-08-08 17:20:04,1842.83,1842.97,29570.5,29571.0,1843.08,1843.09
2023-08-08 17:20:21,1842.75,1842.84,29570.5,29571.0,1843.1,1843.11
2023-08-08 17:20:36,1842.59,1842.72,29570.5,29571.0,1842.96,1842.97
2023-08-08 17:20:52,1842.49,1842.61,29570.5,29571.0,1842.92,1842.93
2023-08-08 17:21:07,1841.92,1842.06,29561.5,29562.0,1842.34,1842.35
2023-08-08 17:21:23,1842.34,1842.45,29556.5,29557.0,1842.33,1842.34
2023-08-08 17:21:39,1842.61,1842.69,29563.5,29564.0,1842.76,1842.77
2023-08-08 17:21:54,1842.7,1842.8,29566.5,29567.0,1843.01,1843.02
2023-08-08 17:22:10,1842.81,1842.96,29566.5,29567.0,1843.03,1843.04
2023-08-08 17:22:25,1842.83,1842.94,29569.0,29569.5,1843.03,1843.04
2023-08-08 17:22:41,1842.46,1842.59,29569.5,29570.0,1842.87,1842.88
2023-08-08 17:22:57,1842.6,1842.7,29563.5,29564.0,1842.84,1842.85
2023-08-08 17:23:12,1842.96,1843.06,29562.5,29563.0,1843.09,1843.1
2023-08-08 17:23:30,1843.44,1843.58,29569.5,29570.0,1843.52,1843.53
2023-08-08 17:23:48,1843.6,1843.64,29571.5,29572.0,1843.83,1843.84
2023-08-08 17:24:04,1843.82,1843.92,29575.5,29576.0,1843.97,1843.98
2023-08-08 17:24:20,1843.45,1843.59,29577.0,29577.5,1844.02,1844.03
2023-08-08 17:24:36,1843.69,1843.78,29577.0,29577.5,1844.02,1844.03
2023-08-08 17:24:52,1843.69,1843.81,29577.0,29577.5,1844.02,1844.03
2023-08-08 17:25:08,1843.8,1843.89,29579.5,29580.0,1844.02,1844.03
2023-08-08 17:25:26,1843.92,1844.05,29586.5,29587.0,1844.27,1844.28
2023-08-08 17:25:42,1843.86,1843.99,29586.5,29587.0,1844.4,1844.42
2023-08-08 17:25:58,1843.23,1843.39,29579.0,29579.5,1843.87,1843.88
2023-08-08 17:26:14,1843.62,1843.71,29579.0,29579.5,1844.03,1844.04
2023-08-08 17:26:29,1843.51,1843.6,29579.0,29579.5,1844.02,1844.03
2023-08-08 17:26:45,1843.4,1843.52,29579.0,29579.5,1843.87,1843.88
2023-08-08 17:27:00,1843.74,1843.82,29578.0,29578.5,1844.03,1844.04
2023-08-08 17:27:16,1843.75,1843.85,29580.5,29581.0,1844.03,1844.04
2023-08-08 17:27:32,1844.01,1844.16,29589.5,29590.0,1844.03,1844.04
2023-08-08 17:27:47,1844.66,1844.8,29606.0,29606.5,1844.82,1844.83
2023-08-08 17:28:05,1844.42,1844.57,29601.5,29602.0,1844.82,1844.83
2023-08-08 17:28:21,1844.29,1844.4,29596.0,29596.5,1844.65,1844.66
2023-08-08 17:28:37,1844.64,1844.73,29596.0,29596.5,1844.66,1844.67
2023-08-08 17:28:54,1844.61,1844.7,29596.0,29596.5,1844.66,1844.67
2023-08-08 17:29:12,1844.62,1844.78,29608.0,29608.5,1844.66,1844.67
2023-08-08 17:29:29,1844.61,1844.7,29607.5,29608.0,1844.7,1844.71
2023-08-08 17:29:45,1844.32,1844.46,29599.0,29599.5,1844.65,1844.66
2023-08-08 17:30:01,1844.75,1844.76,29602.0,29602.5,1844.65,1844.66
2023-08-08 17:30:18,1844.92,1845.03,29613.0,29613.5,1844.96,1844.97
2023-08-08 17:30:34,1844.8,1844.94,29613.0,29613.5,1844.93,1844.94
2023-08-08 17:30:49,1845.37,1845.48,29636.5,29637.0,1845.56,1845.57
2023-08-08 17:31:05,1845.33,1845.51,29633.5,29634.0,1845.58,1845.59
2023-08-08 17:31:21,1845.73,1845.83,29640.5,29641.0,1846.13,1846.14
2023-08-08 17:31:38,1845.71,1845.83,29628.0,29628.5,1845.92,1845.93
2023-08-08 17:31:55,1845.53,1845.62,29635.5,29636.0,1845.91,1845.92
2023-08-08 17:32:12,1845.46,1845.58,29632.0,29632.5,1845.72,1845.73
2023-08-08 17:32:27,1844.71,1844.85,29626.5,29627.0,1845.12,1845.13
2023-08-08 17:32:44,1845.95,1846.01,29640.5,29641.0,1846.1,1846.11
2023-08-08 17:33:00,1845.99,1846.08,29640.5,29641.0,1846.33,1846.34
2023-08-08 17:33:17,1845.83,1845.97,29639.0,29639.5,1846.09,1846.1
2023-08-08 17:33:33,1845.46,1845.59,29639.0,29639.5,1845.99,1846.0
2023-08-08 17:33:50,1845.5,1845.54,29638.5,29639.0,1845.67,1845.68
2023-08-08 17:34:06,1845.38,1845.48,29630.0,29630.5,1845.52,1845.53
2023-08-08 17:34:21,1845.44,1845.56,29634.0,29634.5,1845.61,1845.62
2023-08-08 17:34:37,1845.9,1846.09,29640.5,29641.0,1845.99,1846.0
2023-08-08 17:34:54,1846.3,1846.48,29641.5,29642.0,1846.49,1846.5
2023-08-08 17:35:09,1846.17,1846.21,29645.0,29645.5,1846.28,1846.29
2023-08-08 17:35:25,1846.41,1846.51,29645.0,29645.5,1846.65,1846.66
2023-08-08 17:35:41,1846.5,1846.59,29646.0,29646.5,1846.69,1846.71
2023-08-08 17:35:56,1846.53,1846.6,29646.0,29646.5,1846.69,1846.7
2023-08-08 17:36:13,1846.25,1846.35,29646.0,29646.5,1846.64,1846.65
2023-08-08 17:36:30,1846.11,1846.23,29640.0,29640.5,1846.23,1846.25
2023-08-08 17:36:46,1846.07,1846.17,29636.0,29636.5,1846.23,1846.25
2023-08-08 17:37:02,1846.34,1846.45,29641.0,29641.5,1846.63,1846.64
2023-08-08 17:37:18,1846.91,1847.0,29660.5,29663.5,1846.97,1846.98
2023-08-08 17:37:34,1847.9,1848.31,29721.5,29722.0,1848.28,1848.29
2023-08-08 17:37:50,1848.28,1848.4,29702.0,29702.5,1848.71,1848.73
2023-08-08 17:38:06,1847.67,1847.85,29682.5,29683.0,1848.22,1848.24
2023-08-08 17:38:24,1847.21,1847.39,29670.5,29671.0,1847.86,1847.87
2023-08-08 17:38:39,1846.82,1847.0,29673.5,29674.0,1847.64,1847.66
2023-08-08 17:38:55,1848.81,1848.97,29709.5,29710.0,1849.28,1849.29
2023-08-08 17:39:10,1850.04,1850.18,29718.0,29718.5,1850.99,1851.01
2023-08-08 17:39:26,1849.57,1849.74,29696.0,29696.5,1850.06,1850.08
2023-08-08 17:39:41,1850.84,1850.99,29701.5,29702.0,1851.52,1851.53
2023-08-08 17:39:58,1852.2,1852.4,29721.5,29722.0,1853.0,1853.04
2023-08-08 17:40:13,1850.87,1850.99,29700.0,29700.5,1851.57,1851.58
2023-08-08 17:40:29,1849.45,1849.63,29690.0,29690.5,1850.25,1850.27
2023-08-08 17:40:46,1850.44,1850.59,29712.5,29713.0,1851.14,1851.15
2023-08-08 17:41:01,1850.45,1850.68,29699.5,29700.0,1851.2,1851.21
2023-08-08 17:41:18,1851.4,1851.56,29712.5,29713.0,1852.21,1852.22
2023-08-08 17:41:34,1851.41,1851.52,29712.5,29713.0,1852.06,1852.07
2023-08-08 17:41:49,1851.12,1851.2,29705.5,29706.0,1852.14,1852.15
2023-08-08 17:42:05,1851.18,1851.29,29696.5,29697.0,1851.99,1852.0
2023-08-08 17:42:20,1850.16,1850.27,29687.0,29687.5,1851.16,1851.17
2023-08-08 17:42:36,1849.22,1849.35,29670.0,29670.5,1850.05,1850.06
2023-08-08 17:42:52,1848.9,1848.99,29661.0,29661.5,1849.51,1849.52
2023-08-08 17:43:08,1849.19,1849.3,29677.0,29677.5,1850.25,1850.26
2023-08-08 17:43:24,1849.77,1849.88,29679.5,29680.0,1850.6,1850.61
2023-08-08 17:43:39,1849.88,1849.89,29687.0,29687.5,1851.25,1851.26
2023-08-08 17:43:55,1849.62,1849.77,29680.5,29681.0,1850.78,1850.79
2023-08-08 17:44:14,1850.01,1850.19,29690.0,29690.5,1850.92,1850.93
2023-08-08 17:44:30,1850.43,1850.6,29695.5,29696.0,1851.63,1851.64
2023-08-08 17:44:46,1850.49,1850.59,29705.0,29705.5,1851.88,1851.89
2023-08-08 17:45:01,1850.68,1850.77,29701.0,29701.5,1851.51,1851.52
2023-08-08 17:45:18,1851.32,1851.42,29719.5,29720.0,1852.34,1852.35
2023-08-08 17:45:33,1851.4,1851.59,29719.5,29720.0,1852.66,1852.68
2023-08-08 17:45:49,1851.8,1851.93,29721.5,29722.0,1852.86,1852.87
2023-08-08 17:45:56,1851.73,1851.84,29720.5,29721.0,1852.86,1852.87
2023-08-08 17:46:12,1851.92,1851.99,29715.0,29715.5,1853.02,1853.03
2023-08-08 17:46:28,1850.84,1850.96,29706.5,29707.0,1852.16,1852.17
2023-08-08 17:46:44,1851.74,1851.89,29716.5,29717.0,1852.76,1852.77
2023-08-08 17:46:59,1852.2,1852.27,29725.0,29725.5,1853.34,1853.35
2023-08-08 17:47:16,1852.2,1852.31,29725.0,29725.5,1853.35,1853.36
2023-08-08 17:47:31,1850.7,1850.81,29708.5,29709.0,1852.01,1852.03
2023-08-08 17:47:47,1850.52,1850.69,29703.0,29703.5,1851.64,1851.65
2023-08-08 17:48:03,1850.8,1850.97,29715.0,29715.5,1851.95,1851.97
2023-08-08 17:48:19,1851.03,1851.13,29715.5,29716.0,1852.06,1852.07
2023-08-08 17:48:35,1851.08,1851.21,29718.5,29719.0,1852.06,1852.08
2023-08-08 17:48:51,1851.24,1851.39,29723.5,29724.0,1852.25,1852.26
2023-08-08 17:49:08,1850.86,1851.03,29728.5,29729.0,1851.75,1851.77
2023-08-08 17:49:24,1850.52,1850.67,29725.5,29726.0,1851.65,1851.66
2023-08-08 17:49:40,1850.75,1850.84,29725.5,29726.0,1851.66,1851.67
2023-08-08 17:49:55,1851.46,1851.59,29729.5,29730.0,1852.26,1852.27
2023-08-08 17:50:11,1852.1,1852.27,29746.5,29747.0,1852.99,1853.0
2023-08-08 17:50:26,1852.96,1853.13,29759.0,29759.5,1854.39,1854.4
2023-08-08 17:50:42,1853.67,1853.86,29774.5,29775.0,1855.12,1855.13
2023-08-08 17:50:58,1855.19,1855.28,29784.5,29785.0,1856.66,1856.67
2023-08-08 17:51:14,1854.69,1854.84,29770.5,29771.0,1856.66,1856.68
2023-08-08 17:51:30,1854.24,1854.39,29763.5,29764.0,1856.27,1856.28
2023-08-08 17:51:45,1855.57,1855.76,29784.0,29784.5,1857.31,1857.32
2023-08-08 17:52:01,1855.41,1855.57,29784.5,29785.0,1857.1,1857.11
2023-08-08 17:52:17,1856.78,1857.02,29817.0,29817.5,1858.49,1858.5
2023-08-08 17:52:33,1854.44,1854.54,29789.5,29790.0,1856.45,1856.46
2023-08-08 17:52:49,1854.57,1854.7,29793.5,29794.0,1856.19,1856.2
2023-08-08 17:53:05,1854.21,1854.38,29791.0,29791.5,1856.22,1856.23
2023-08-08 17:53:22,1854.62,1854.76,29798.5,29799.0,1856.32,1856.33
2023-08-08 17:53:38,1853.0,1853.18,29768.5,29769.0,1854.51,1854.52
2023-08-08 17:53:54,1852.82,1852.9,29767.5,29768.0,1854.46,1854.47
2023-08-08 17:54:11,1852.48,1852.6,29755.0,29755.5,1854.03,1854.04
2023-08-08 17:54:27,1853.94,1854.06,29784.0,29784.5,1855.27,1855.28
2023-08-08 17:54:43,1853.63,1853.75,29789.5,29790.0,1855.26,1855.27
2023-08-08 17:54:58,1853.43,1853.6,29795.0,29795.5,1855.54,1855.56
2023-08-08 17:55:15,1853.63,1853.69,29783.0,29783.5,1855.09,1855.1
2023-08-08 17:55:31,1854.8,1854.98,29784.0,29784.5,1856.22,1856.23
2023-08-08 17:55:47,1854.8,1854.9,29792.5,29793.0,1856.22,1856.23
2023-08-08 17:56:04,1854.74,1854.95,29784.0,29784.5,1856.34,1856.35
2023-08-08 17:56:19,1853.64,1853.74,29756.5,29757.0,1854.94,1854.95
2023-08-08 17:56:35,1853.67,1853.83,29757.0,29757.5,1855.01,1855.02
2023-08-08 17:56:51,1852.83,1852.93,29746.5,29747.0,1854.43,1854.44
2023-08-08 17:57:07,1853.01,1853.14,29747.0,29747.5,1854.26,1854.27
2023-08-08 17:57:23,1853.07,1853.25,29756.5,29757.0,1854.42,1854.43
2023-08-08 17:57:38,1852.83,1852.95,29750.0,29750.5,1854.31,1854.32
2023-08-08 17:57:54,1852.08,1852.19,29735.0,29735.5,1853.56,1853.57
2023-08-08 17:58:09,1852.03,1852.15,29735.0,29735.5,1853.55,1853.56
2023-08-08 17:58:26,1851.68,1851.86,29727.5,29728.0,1853.16,1853.17
2023-08-08 17:58:42,1852.41,1852.56,29739.5,29740.0,1853.5,1853.52
2023-08-08 17:58:59,1852.24,1852.35,29733.5,29734.0,1853.47,1853.48
2023-08-08 17:59:15,1852.05,1852.19,29733.5,29734.0,1853.46,1853.47
2023-08-08 17:59:30,1852.27,1852.39,29733.5,29734.0,1853.54,1853.55
2023-08-08 17:59:46,1852.88,1852.99,29739.5,29740.0,1853.96,1853.97
2023-08-08 18:00:03,1853.02,1853.19,29743.5,29744.0,1854.18,1854.19
2023-08-08 18:00:19,1853.57,1853.74,29760.0,29760.5,1854.74,1854.76
2023-08-08 18:00:37,1853.64,1853.75,29754.5,29755.0,1854.94,1854.95
2023-08-08 18:00:52,1854.0,1854.09,29755.0,29755.5,1855.18,1855.2
2023-08-08 18:01:08,1853.96,1854.0,29755.0,29755.5,1855.1,1855.11
2023-08-08 18:01:24,1853.57,1853.69,29755.0,29755.5,1854.75,1854.76
2023-08-08 18:01:42,1854.43,1854.52,29769.5,29770.0,1855.52,1855.53
2023-08-08 18:01:58,1854.47,1854.7,29774.0,29774.5,1856.54,1856.55
2023-08-08 18:02:14,1854.8,1854.85,29764.5,29765.0,1856.05,1856.06
2023-08-08 18:02:29,1854.26,1854.4,29763.0,29763.5,1855.9,1855.91
2023-08-08 18:02:46,1853.09,1853.19,29740.5,29741.0,1854.55,1854.56
2023-08-08 18:03:01,1852.02,1852.28,29723.5,29724.0,1853.51,1853.52
2023-08-08 18:03:17,1851.25,1851.39,29703.0,29703.5,1852.92,1852.93
2023-08-08 18:03:32,1851.6,1851.75,29708.0,29708.5,1852.94,1852.96
2023-08-08 18:03:48,1851.22,1851.37,29712.0,29712.5,1852.88,1852.89
2023-08-08 18:04:04,1851.02,1851.04,29705.0,29705.5,1852.24,1852.25
2023-08-08 18:04:22,1850.72,1850.93,29702.0,29702.5,1852.54,1852.55
2023-08-08 18:04:37,1850.8,1850.95,29696.0,29696.5,1852.22,1852.23
2023-08-08 18:04:53,1849.68,1849.79,29692.5,29693.0,1851.16,1851.17
2023-08-08 18:05:09,1850.05,1850.19,29696.5,29697.0,1851.7,1851.71
2023-08-08 18:05:24,1850.36,1850.49,29696.5,29697.0,1851.57,1851.58
2023-08-08 18:05:42,1851.21,1851.35,29718.5,29719.0,1852.43,1852.44
2023-08-08 18:06:00,1851.6,1851.81,29727.0,29727.5,1852.85,1852.86
2023-08-08 18:06:18,1851.17,1851.3,29718.5,29719.0,1852.7,1852.71
2023-08-08 18:06:33,1851.43,1851.54,29724.5,29725.0,1852.99,1853.0
2023-08-08 18:06:50,1851.82,1851.99,29727.5,29728.0,1852.99,1853.0
2023-08-08 18:07:06,1852.31,1852.47,29739.0,29739.5,1853.77,1853.79
2023-08-08 18:07:22,1851.9,1851.95,29730.5,29731.0,1853.53,1853.54
2023-08-08 18:07:37,1851.51,1851.62,29730.5,29731.0,1853.07,1853.09
2023-08-08 18:07:56,1851.44,1851.6,29730.5,29731.0,1852.95,1852.96
2023-08-08 18:08:11,1851.05,1851.17,29719.5,29720.0,1852.67,1852.68
2023-08-08 18:08:29,1850.68,1850.79,29709.5,29710.0,1852.12,1852.13
2023-08-08 18:08:45,1850.82,1850.99,29716.5,29717.0,1852.28,1852.3
2023-08-08 18:09:01,1851.0,1851.02,29716.5,29717.0,1852.35,1852.36
2023-08-08 18:09:18,1851.12,1851.21,29716.5,29717.0,1852.38,1852.4
2023-08-08 18:09:34,1850.88,1850.93,29716.5,29717.0,1852.37,1852.38
2023-08-08 18:09:50,1851.16,1851.27,29715.0,29715.5,1852.48,1852.49
2023-08-08 18:10:05,1851.02,1851.15,29715.0,29715.5,1852.49,1852.5
2023-08-08 18:10:22,1851.45,1851.55,29719.0,29719.5,1853.01,1853.02
2023-08-08 18:10:38,1851.7,1851.78,29729.0,29729.5,1853.19,1853.2
2023-08-08 18:10:55,1851.36,1851.45,29729.0,29729.5,1852.99,1853.0
2023-08-08 18:11:11,1852.37,1852.48,29739.0,29739.5,1853.75,1853.76
2023-08-08 18:11:27,1852.28,1852.39,29739.0,29739.5,1853.76,1853.77
2023-08-08 18:11:43,1852.28,1852.37,29739.5,29740.0,1853.76,1853.78
2023-08-08 18:11:59,1852.65,1852.82,29743.5,29744.0,1853.97,1853.98
2023-08-08 18:12:17,1852.83,1852.96,29748.5,29749.0,1854.3,1854.31
2023-08-08 18:12:32,1853.15,1853.33,29759.5,29760.0,1854.6,1854.61
2023-08-08 18:12:48,1853.14,1853.22,29765.0,29765.5,1854.62,1854.63
2023-08-08 18:13:05,1853.5,1853.64,29766.0,29766.5,1854.76,1854.77
2023-08-08 18:13:23,1852.9,1852.99,29766.0,29766.5,1854.37,1854.38
2023-08-08 18:13:39,1852.74,1852.8,29754.5,29755.0,1854.08,1854.09
2023-08-08 18:13:56,1853.33,1853.48,29766.0,29766.5,1854.79,1854.8
2023-08-08 18:14:12,1853.0,1853.09,29769.5,29770.0,1854.36,1854.37
2023-08-08 18:14:28,1853.22,1853.23,29769.5,29770.0,1854.69,1854.7
2023-08-08 18:14:44,1853.03,1853.13,29769.5,29770.0,1854.67,1854.68
2023-08-08 18:15:00,1853.06,1853.16,29770.0,29770.5,1854.55,1854.56
2023-08-08 18:15:16,1853.49,1853.6,29784.0,29784.5,1854.92,1854.93
2023-08-08 18:15:32,1853.39,1853.5,29784.0,29784.5,1854.92,1854.93
2023-08-08 18:15:48,1852.93,1853.01,29787.0,29787.5,1854.57,1854.58
2023-08-08 18:16:05,1853.41,1853.49,29787.0,29787.5,1854.95,1854.96
2023-08-08 18:16:20,1853.17,1853.25,29787.0,29787.5,1854.94,1854.95
2023-08-08 18:16:36,1854.2,1854.26,29815.0,29815.5,1855.82,1855.83
2023-08-08 18:16:52,1854.65,1854.76,29830.0,29830.5,1855.99,1856.0
2023-08-08 18:17:09,1854.45,1854.6,29827.5,29828.0,1856.16,1856.17
2023-08-08 18:17:27,1855.61,1855.65,29857.0,29857.5,1857.43,1857.44
2023-08-08 18:17:43,1855.01,1855.11,29842.0,29842.5,1856.83,1856.84
2023-08-08 18:17:59,1855.24,1855.39,29841.0,29841.5,1857.04,1857.05
2023-08-08 18:18:14,1854.46,1854.59,29824.5,29825.0,1856.38,1856.39
2023-08-08 18:18:30,1854.67,1854.76,29825.0,29825.5,1856.34,1856.35
2023-08-08 18:18:46,1854.05,1854.16,29810.0,29810.5,1856.02,1856.03
2023-08-08 18:19:02,1853.77,1853.91,29801.5,29802.0,1855.71,1855.72
2023-08-08 18:19:18,1853.69,1853.79,29805.0,29805.5,1855.63,1855.64
2023-08-08 18:19:34,1853.81,1853.87,29796.5,29797.0,1855.55,1855.56
2023-08-08 18:19:49,1854.39,1854.53,29803.0,29803.5,1856.22,1856.23
2023-08-08 18:20:05,1855.3,1855.4,29823.5,29824.0,1856.95,1856.96
2023-08-08 18:20:21,1855.2,1855.33,29810.0,29810.5,1857.05,1857.06
2023-08-08 18:20:37,1855.71,1855.89,29808.0,29808.5,1857.21,1857.22
2023-08-08 18:20:54,1855.22,1855.35,29804.0,29804.5,1857.17,1857.18
2023-08-08 18:21:10,1855.14,1855.23,29800.5,29801.0,1856.9,1856.91
2023-08-08 18:21:26,1854.81,1854.92,29795.5,29796.0,1856.45,1856.47
2023-08-08 18:21:42,1854.03,1854.17,29763.5,29764.0,1855.88,1855.89
2023-08-08 18:21:58,1853.33,1853.49,29763.5,29764.0,1855.28,1855.3
2023-08-08 18:22:14,1853.74,1853.82,29764.5,29765.0,1855.39,1855.4
2023-08-08 18:22:30,1854.37,1854.47,29773.5,29774.0,1855.83,1855.84
2023-08-08 18:22:46,1854.24,1854.29,29772.5,29773.0,1855.88,1855.89
2023-08-08 18:23:02,1854.45,1854.59,29773.5,29774.0,1855.99,1856.0
2023-08-08 18:23:18,1854.27,1854.38,29766.0,29766.5,1855.8,1855.82
2023-08-08 18:23:34,1854.4,1854.52,29764.0,29764.5,1855.84,1855.86
2023-08-08 18:23:51,1853.43,1853.55,29748.5,29749.0,1855.0,1855.01
2023-08-08 18:24:08,1853.24,1853.33,29750.0,29750.5,1854.69,1854.7
2023-08-08 18:24:24,1853.49,1853.59,29745.0,29745.5,1854.6,1854.62
2023-08-08 18:24:39,1853.09,1853.24,29745.0,29745.5,1854.47,1854.48
2023-08-08 18:24:55,1853.73,1853.84,29748.0,29748.5,1855.11,1855.12
2023-08-08 18:25:11,1853.68,1853.78,29748.0,29748.5,1855.03,1855.04
2023-08-08 18:25:27,1853.93,1854.0,29750.5,29751.0,1855.2,1855.21
2023-08-08 18:25:44,1854.4,1854.5,29770.0,29770.5,1855.38,1855.39
2023-08-08 18:25:59,1854.25,1854.38,29765.5,29766.0,1855.65,1855.66
2023-08-08 18:26:15,1854.33,1854.39,29765.5,29766.0,1855.39,1855.4
2023-08-08 18:26:31,1854.01,1854.15,29760.5,29761.0,1855.15,1855.16
2023-08-08 18:26:47,1853.74,1853.79,29760.5,29761.0,1855.04,1855.05
2023-08-08 18:27:03,1853.21,1853.37,29748.5,29749.0,1854.51,1854.52
2023-08-08 18:27:18,1853.05,1853.18,29748.5,29749.0,1854.34,1854.35
2023-08-08 18:27:34,1853.1,1853.25,29744.0,29744.5,1854.26,1854.27
2023-08-08 18:27:50,1852.82,1852.95,29740.0,29740.5,1854.07,1854.08
2023-08-08 18:28:06,1852.63,1852.79,29739.5,29740.0,1854.0,1854.01
2023-08-08 18:28:22,1851.98,1852.11,29720.0,29720.5,1853.41,1853.42
2023-08-08 18:28:38,1851.71,1851.84,29715.5,29716.0,1853.0,1853.01
2023-08-08 18:28:53,1852.2,1852.37,29735.0,29735.5,1853.54,1853.55
2023-08-08 18:29:10,1851.92,1852.04,29729.0,29729.5,1853.19,1853.2
2023-08-08 18:29:26,1852.04,1852.15,29722.5,29723.0,1853.08,1853.09
2023-08-08 18:29:43,1851.62,1851.77,29724.5,29725.0,1852.92,1852.94
2023-08-08 18:29:58,1852.05,1852.13,29730.0,29730.5,1853.18,1853.19
2023-08-08 18:30:14,1851.3,1851.41,29719.0,29719.5,1852.55,1852.56
2023-08-08 18:30:30,1851.27,1851.45,29719.0,29719.5,1852.35,1852.36
2023-08-08 18:30:46,1851.5,1851.62,29719.0,29719.5,1852.47,1852.48
2023-08-08 18:31:02,1850.8,1850.91,29711.5,29712.0,1851.8,1851.81
2023-08-08 18:31:17,1851.55,1851.64,29721.5,29722.0,1852.58,1852.59
2023-08-08 18:31:33,1852.08,1852.2,29734.5,29735.0,1853.11,1853.12
2023-08-08 18:31:49,1851.71,1851.81,29727.5,29728.0,1852.73,1852.74
2023-08-08 18:32:04,1852.36,1852.39,29740.0,29740.5,1853.34,1853.35
2023-08-08 18:32:20,1852.08,1852.19,29733.5,29735.0,1853.35,1853.37
2023-08-08 18:32:36,1851.75,1851.9,29726.5,29727.0,1852.95,1852.96
2023-08-08 18:32:52,1852.46,1852.54,29738.0,29738.5,1853.42,1853.43
2023-08-08 18:33:08,1852.18,1852.27,29739.5,29740.0,1853.23,1853.24
2023-08-08 18:33:24,1852.27,1852.37,29739.5,29740.0,1853.34,1853.35
2023-08-08 18:33:40,1851.61,1851.71,29732.5,29733.0,1852.82,1852.83
2023-08-08 18:33:56,1851.63,1851.67,29726.0,29726.5,1852.52,1852.53
2023-08-08 18:34:12,1851.28,1851.39,29720.5,29721.0,1852.3,1852.31
2023-08-08 18:34:28,1851.53,1851.67,29720.5,29721.0,1852.45,1852.46
2023-08-08 18:34:44,1851.52,1851.68,29723.5,29724.0,1852.55,1852.56
2023-08-08 18:35:00,1851.73,1851.8,29728.0,29728.5,1852.86,1852.87
2023-08-08 18:35:16,1851.26,1851.35,29723.5,29724.0,1852.35,1852.36
2023-08-08 18:35:33,1851.83,1851.99,29735.5,29736.0,1853.02,1853.03
2023-08-08 18:35:48,1851.82,1851.95,29735.5,29736.0,1852.98,1852.99
2023-08-08 18:36:04,1851.85,1851.92,29735.5,29736.0,1852.94,1852.96
2023-08-08 18:36:21,1851.73,1851.82,29735.5,29736.0,1852.86,1852.87
2023-08-08 18:36:37,1851.95,1852.0,29735.5,29736.0,1852.87,1852.88
2023-08-08 18:36:54,1851.91,1851.99,29735.5,29736.0,1853.12,1853.13
2023-08-08 18:37:09,1851.85,1851.94,29735.5,29736.0,1852.9,1852.91
2023-08-08 18:37:25,1852.15,1852.19,29735.5,29736.0,1853.07,1853.08
2023-08-08 18:37:42,1852.02,1852.1,29737.5,29738.0,1853.07,1853.08
2023-08-08 18:37:58,1851.57,1851.66,29737.5,29738.0,1852.82,1852.83
2023-08-08 18:38:13,1851.71,1851.8,29737.5,29738.0,1852.66,1852.68
2023-08-08 18:38:29,1851.82,1851.92,29743.5,29744.0,1852.81,1852.82
2023-08-08 18:38:45,1851.67,1851.68,29743.5,29744.0,1852.65,1852.66
2023-08-08 18:39:01,1851.79,1851.88,29743.5,29744.0,1852.78,1852.79
2023-08-08 18:39:17,1851.96,1852.02,29749.5,29750.0,1853.11,1853.12
2023-08-08 18:39:33,1851.6,1851.71,29740.5,29741.0,1852.56,1852.57
2023-08-08 18:39:49,1851.81,1851.9,29743.5,29744.0,1852.9,1852.91
2023-08-08 18:40:05,1851.86,1851.91,29743.5,29744.0,1852.9,1852.91
2023-08-08 18:40:20,1852.4,1852.54,29758.0,29758.5,1853.41,1853.42
2023-08-08 18:40:36,1852.01,1852.17,29759.5,29760.0,1853.1,1853.12
2023-08-08 18:40:53,1852.25,1852.35,29759.5,29760.0,1853.11,1853.12
2023-08-08 18:41:08,1852.46,1852.56,29765.0,29765.5,1853.32,1853.33
2023-08-08 18:41:24,1852.45,1852.57,29774.0,29774.5,1853.25,1853.26
2023-08-08 18:41:40,1852.25,1852.36,29774.0,29774.5,1853.28,1853.29
2023-08-08 18:42:00,1851.71,1851.8,29765.5,29766.0,1852.76,1852.77
2023-08-08 18:42:16,1851.71,1851.86,29759.5,29760.0,1852.66,1852.67
2023-08-08 18:42:32,1851.78,1851.79,29766.5,29767.0,1852.71,1852.72
2023-08-08 18:42:48,1851.58,1851.67,29773.0,29773.5,1852.71,1852.72
2023-08-08 18:43:06,1851.58,1851.6,29773.0,29773.5,1852.74,1852.75
2023-08-08 18:43:22,1851.88,1851.98,29775.5,29776.0,1852.83,1852.84
2023-08-08 18:43:38,1851.85,1851.95,29775.5,29776.0,1852.89,1852.9
2023-08-08 18:43:53,1851.64,1851.73,29775.5,29776.0,1852.78,1852.79
2023-08-08 18:44:11,1851.64,1851.74,29775.5,29776.0,1852.7,1852.71
2023-08-08 18:44:26,1851.71,1851.79,29775.5,29776.0,1852.7,1852.71
2023-08-08 18:44:42,1852.29,1852.38,29787.5,29788.0,1853.34,1853.35
2023-08-08 18:44:58,1852.8,1852.88,29791.5,29792.0,1853.68,1853.69
2023-08-08 18:45:14,1852.13,1852.22,29791.5,29792.0,1853.18,1853.19
2023-08-08 18:45:30,1852.73,1852.84,29805.0,29805.5,1853.85,1853.86
2023-08-08 18:45:46,1853.01,1853.12,29807.5,29808.0,1853.96,1853.97
2023-08-08 18:46:02,1852.66,1852.76,29806.5,29807.0,1853.96,1853.98
2023-08-08 18:46:18,1852.23,1852.38,29804.5,29805.0,1853.55,1853.56
2023-08-08 18:46:36,1851.67,1851.76,29786.5,29787.0,1852.77,1852.78
2023-08-08 18:46:52,1851.33,1851.42,29776.0,29776.5,1852.3,1852.31
2023-08-08 18:47:08,1851.29,1851.38,29773.0,29773.5,1852.31,1852.32
2023-08-08 18:47:23,1851.27,1851.35,29770.5,29771.0,1852.3,1852.31
2023-08-08 18:47:39,1850.8,1850.89,29756.0,29756.5,1851.81,1851.82
2023-08-08 18:47:55,1850.71,1850.79,29756.0,29756.5,1851.72,1851.73
2023-08-08 18:48:10,1851.18,1851.31,29758.5,29759.0,1851.99,1852.0
2023-08-08 18:48:26,1850.97,1851.07,29760.0,29760.5,1851.9,1851.91
2023-08-08 18:48:42,1850.89,1850.99,29760.0,29760.5,1851.95,1851.96
2023-08-08 18:48:59,1850.97,1851.07,29753.0,29753.5,1851.95,1851.96
2023-08-08 18:49:15,1850.57,1850.66,29753.0,29753.5,1851.87,1851.88
2023-08-08 18:49:33,1850.17,1850.29,29739.0,29739.5,1851.43,1851.44
2023-08-08 18:49:51,1850.51,1850.7,29744.0,29744.5,1851.43,1851.44
2023-08-08 18:50:07,1850.6,1850.7,29749.5,29750.0,1851.65,1851.66
2023-08-08 18:50:23,1851.09,1851.15,29769.0,29769.5,1851.94,1851.96
2023-08-08 18:50:39,1851.75,1851.88,29779.5,29780.0,1852.57,1852.58
2023-08-08 18:50:54,1851.95,1852.05,29783.0,29783.5,1852.91,1852.92
2023-08-08 18:51:10,1851.67,1851.75,29783.0,29783.5,1852.72,1852.73
2023-08-08 18:51:26,1852.15,1852.23,29784.5,29785.0,1852.99,1853.0
2023-08-08 18:51:42,1852.07,1852.16,29789.5,29790.0,1853.23,1853.24
2023-08-08 18:52:00,1851.94,1852.06,29789.5,29790.0,1853.05,1853.06
2023-08-08 18:52:16,1852.43,1852.49,29790.5,29791.0,1853.29,1853.3
2023-08-08 18:52:32,1852.61,1852.78,29799.5,29800.0,1853.5,1853.51
2023-08-08 18:52:48,1852.7,1852.85,29809.5,29810.0,1853.98,1853.99
2023-08-08 18:53:06,1853.47,1853.6,29816.5,29817.0,1854.39,1854.4
2023-08-08 18:53:22,1853.73,1853.81,29823.5,29824.0,1855.05,1855.06
2023-08-08 18:53:37,1853.59,1853.61,29828.5,29829.0,1854.9,1854.91
2023-08-08 18:53:55,1853.07,1853.23,29811.5,29812.0,1854.25,1854.26
2023-08-08 18:54:11,1853.77,1853.94,29818.0,29818.5,1854.82,1854.83
2023-08-08 18:54:27,1853.77,1853.86,29825.0,29825.5,1854.98,1855.0
2023-08-08 18:54:45,1854.0,1854.04,29825.0,29825.5,1855.0,1855.01
2023-08-08 18:55:01,1853.78,1853.9,29825.0,29825.5,1855.04,1855.05
2023-08-08 18:55:17,1853.81,1853.9,29825.0,29825.5,1855.15,1855.16
2023-08-08 18:55:34,1853.81,1853.93,29825.0,29825.5,1855.02,1855.04
2023-08-08 18:55:49,1853.96,1854.04,29825.0,29825.5,1855.02,1855.03
2023-08-08 18:56:06,1853.76,1853.83,29825.0,29825.5,1855.04,1855.05
2023-08-08 18:56:22,1852.95,1853.09,29805.5,29806.0,1854.03,1854.04
2023-08-08 18:56:37,1852.83,1852.92,29805.5,29806.0,1853.92,1853.94
2023-08-08 18:56:54,1852.61,1852.66,29805.5,29806.0,1853.81,1853.82
2023-08-08 18:57:09,1852.29,1852.39,29795.5,29796.0,1853.57,1853.59
2023-08-08 18:57:25,1852.27,1852.34,29789.5,29790.0,1853.41,1853.42
2023-08-08 18:57:42,1851.69,1851.78,29789.5,29790.0,1852.7,1852.71
2023-08-08 18:57:58,1852.09,1852.16,29789.5,29790.0,1852.99,1853.0
2023-08-08 18:58:16,1852.12,1852.19,29795.5,29796.0,1852.98,1852.99
2023-08-08 18:58:34,1852.19,1852.31,29798.0,29798.5,1853.13,1853.14
2023-08-08 18:58:50,1852.07,1852.16,29798.5,29799.0,1853.06,1853.07
2023-08-08 18:59:06,1851.92,1852.06,29798.5,29799.0,1852.97,1852.98
2023-08-08 18:59:22,1851.7,1851.79,29795.5,29796.0,1852.81,1852.82
2023-08-08 18:59:38,1852.21,1852.28,29795.5,29796.0,1852.95,1852.96
2023-08-08 18:59:54,1852.22,1852.38,29803.0,29803.5,1853.12,1853.13
2023-08-08 19:00:10,1852.75,1852.91,29809.5,29810.0,1853.7,1853.71
2023-08-08 19:00:26,1852.26,1852.37,29805.0,29805.5,1853.21,1853.22
2023-08-08 19:00:42,1852.01,1852.15,29796.5,29797.0,1853.01,1853.02
2023-08-08 19:00:58,1852.45,1852.53,29796.5,29797.0,1853.35,1853.36
2023-08-08 19:01:13,1853.03,1853.16,29801.0,29801.5,1853.68,1853.69
2023-08-08 19:01:29,1852.98,1853.09,29802.5,29803.0,1853.88,1853.89
2023-08-08 19:01:45,1853.07,1853.17,29802.5,29803.0,1853.88,1853.89
2023-08-08 19:02:00,1853.45,1853.52,29812.5,29813.0,1854.09,1854.1
2023-08-08 19:02:17,1853.5,1853.6,29815.0,29815.5,1854.15,1854.16
2023-08-08 19:02:33,1853.51,1853.6,29815.0,29815.5,1854.32,1854.33
2023-08-08 19:02:48,1853.84,1853.98,29816.0,29816.5,1854.74,1854.75
2023-08-08 19:03:05,1853.45,1853.72,29816.0,29816.5,1854.59,1854.6
2023-08-08 19:03:21,1852.72,1852.87,29798.0,29798.5,1853.49,1853.5
2023-08-08 19:03:37,1852.5,1852.6,29794.5,29795.0,1853.44,1853.45
2023-08-08 19:03:52,1852.36,1852.43,29794.5,29795.0,1853.18,1853.19
2023-08-08 19:04:09,1852.82,1852.95,29794.5,29795.0,1853.72,1853.73
2023-08-08 19:04:24,1852.63,1852.72,29794.5,29795.0,1853.56,1853.57
2023-08-08 19:04:40,1852.68,1852.79,29794.5,29795.0,1853.5,1853.51
2023-08-08 19:04:56,1853.02,1853.19,29805.0,29805.5,1854.0,1854.01
2023-08-08 19:05:12,1852.83,1852.94,29805.0,29805.5,1853.85,1853.86
2023-08-08 19:05:28,1853.15,1853.27,29805.0,29805.5,1854.0,1854.01
2023-08-08 19:05:44,1853.23,1853.4,29811.5,29812.0,1854.09,1854.1
2023-08-08 19:06:00,1852.81,1852.91,29801.0,29801.5,1853.85,1853.86
2023-08-08 19:06:17,1852.51,1852.66,29796.0,29796.5,1853.52,1853.53
2023-08-08 19:06:33,1852.53,1852.6,29795.5,29796.0,1853.51,1853.52
2023-08-08 19:06:49,1852.05,1852.18,29787.0,29787.5,1853.0,1853.01
2023-08-08 19:07:05,1852.61,1852.75,29791.5,29792.0,1853.58,1853.59
2023-08-08 19:07:21,1852.51,1852.59,29791.5,29792.0,1853.58,1853.59
2023-08-08 19:07:37,1851.86,1852.0,29791.5,29792.0,1853.1,1853.12
2023-08-08 19:07:55,1851.95,1852.08,29787.5,29788.0,1853.1,1853.11
2023-08-08 19:08:13,1852.43,1852.52,29789.0,29789.5,1853.52,1853.53
2023-08-08 19:08:31,1852.14,1852.19,29789.0,29789.5,1853.29,1853.3
2023-08-08 19:08:49,1852.17,1852.28,29789.0,29789.5,1853.29,1853.3
2023-08-08 19:09:08,1852.14,1852.28,29789.0,29789.5,1853.29,1853.3
2023-08-08 19:09:25,1852.13,1852.21,29785.0,29785.5,1853.29,1853.3
2023-08-08 19:09:42,1852.12,1852.28,29785.0,29785.5,1853.29,1853.3
2023-08-08 19:10:00,1852.05,1852.14,29779.0,29779.5,1853.06,1853.07
2023-08-08 19:10:15,1852.89,1852.97,29788.0,29788.5,1853.96,1853.97
2023-08-08 19:10:31,1853.01,1853.11,29795.0,29795.5,1853.99,1854.0
2023-08-08 19:10:48,1852.98,1853.08,29801.5,29802.0,1854.0,1854.01
2023-08-08 19:11:03,1852.92,1853.04,29798.0,29798.5,1853.87,1853.88
2023-08-08 19:11:20,1852.55,1852.68,29791.5,29792.0,1853.47,1853.48
2023-08-08 19:11:36,1853.15,1853.27,29797.5,29798.0,1853.99,1854.0
2023-08-08 19:11:51,1853.35,1853.36,29797.5,29798.0,1854.25,1854.26
2023-08-08 19:12:07,1853.36,1853.49,29797.5,29798.0,1854.27,1854.28
2023-08-08 19:12:23,1853.85,1854.15,29803.5,29804.0,1854.8,1854.81
2023-08-08 19:12:40,1853.7,1853.79,29803.5,29804.0,1854.66,1854.67
2023-08-08 19:12:55,1853.82,1854.04,29803.5,29804.0,1854.77,1854.78
2023-08-08 19:13:11,1854.61,1854.78,29823.5,29824.0,1855.11,1855.12
2023-08-08 19:13:27,1855.07,1855.16,29837.5,29838.0,1855.91,1855.92
2023-08-08 19:13:43,1856.6,1856.64,29847.5,29848.0,1857.61,1857.62
2023-08-08 19:13:59,1856.93,1857.04,29842.0,29842.5,1857.68,1857.69
2023-08-08 19:14:15,1857.04,1857.17,29850.5,29851.0,1858.04,1858.05
2023-08-08 19:14:31,1857.01,1857.09,29845.0,29845.5,1858.04,1858.05
2023-08-08 19:14:47,1857.88,1858.04,29851.0,29851.5,1858.9,1858.91
2023-08-08 19:15:03,1861.96,1863.08,29887.0,29887.5,1862.27,1862.33
2023-08-08 19:15:19,1861.72,1861.96,29887.0,29887.5,1863.1,1863.11
2023-08-08 19:15:36,1862.82,1862.99,29901.0,29901.5,1864.32,1864.33
2023-08-08 19:15:54,1863.03,1863.19,29908.0,29908.5,1864.54,1864.56
2023-08-08 19:16:10,1862.3,1862.4,29894.0,29894.5,1864.1,1864.11
2023-08-08 19:16:26,1862.09,1862.26,29889.0,29889.5,1863.54,1863.55
2023-08-08 19:16:42,1863.27,1863.52,29908.5,29909.0,1864.66,1864.67
2023-08-08 19:16:58,1862.9,1863.07,29913.0,29913.5,1864.55,1864.56
2023-08-08 19:17:14,1862.24,1862.39,29903.5,29904.0,1863.63,1863.64
2023-08-08 19:17:29,1862.43,1862.57,29901.5,29902.0,1863.54,1863.55
2023-08-08 19:17:45,1861.65,1861.79,29890.5,29891.0,1863.09,1863.1
2023-08-08 19:18:01,1861.89,1862.17,29892.5,29893.0,1863.35,1863.36
2023-08-08 19:18:18,1861.26,1861.39,29879.0,29879.5,1862.2,1862.22
2023-08-08 19:18:34,1862.63,1862.71,29903.5,29904.0,1864.06,1864.07
2023-08-08 19:18:50,1862.79,1862.9,29909.5,29910.0,1864.28,1864.29
2023-08-08 19:19:06,1863.27,1863.33,29901.0,29901.5,1864.55,1864.56
2023-08-08 19:19:22,1864.17,1864.39,29910.5,29911.0,1865.67,1865.68
2023-08-08 19:19:39,1865.26,1865.51,29918.0,29918.5,1866.76,1866.77
2023-08-08 19:19:54,1865.81,1865.99,29928.5,29929.0,1867.8,1867.81
2023-08-08 19:20:10,1866.63,1866.98,29932.0,29932.5,1868.32,1868.34
2023-08-08 19:20:26,1866.25,1866.39,29926.5,29927.0,1867.96,1867.97
2023-08-08 19:20:41,1866.11,1866.31,29920.0,29920.5,1867.59,1867.6
2023-08-08 19:20:57,1867.2,1867.24,29930.5,29931.0,1868.41,1868.42
2023-08-08 19:21:13,1866.87,1866.98,29926.0,29926.5,1868.4,1868.41
2023-08-08 19:21:29,1867.02,1867.2,29932.0,29932.5,1868.75,1868.76
2023-08-08 19:21:45,1866.94,1867.15,29927.5,29928.0,1868.75,1868.76
2023-08-08 19:22:02,1867.33,1867.34,29922.5,29923.0,1868.54,1868.55
2023-08-08 19:22:18,1868.01,1868.14,29931.0,29931.5,1868.92,1868.93
2023-08-08 19:22:36,1867.7,1867.79,29941.0,29941.5,1869.39,1869.4
2023-08-08 19:22:52,1867.15,1867.37,29939.5,29940.0,1868.67,1868.69
2023-08-08 19:23:07,1867.7,1867.85,29941.5,29942.0,1868.99,1869.0
2023-08-08 19:23:23,1868.16,1868.32,29941.5,29942.0,1869.55,1869.56
2023-08-08 19:23:39,1868.03,1868.18,29941.5,29942.0,1869.74,1869.75
2023-08-08 19:23:55,1868.1,1868.19,29943.5,29944.0,1869.65,1869.66
2023-08-08 19:24:11,1868.06,1868.18,29936.0,29936.5,1869.64,1869.65
2023-08-08 19:24:26,1868.18,1868.3,29943.5,29944.0,1869.82,1869.83
2023-08-08 19:24:42,1869.82,1870.2,29952.5,29953.0,1871.48,1871.49
2023-08-08 19:24:58,1868.83,1868.99,29951.5,29952.0,1870.48,1870.49
2023-08-08 19:25:14,1870.04,1870.19,29958.5,29959.0,1871.45,1871.46
2023-08-08 19:25:30,1870.16,1870.29,29959.0,29959.5,1871.59,1871.6
2023-08-08 19:25:47,1868.81,1868.95,29942.5,29943.0,1870.56,1870.58
2023-08-08 19:26:03,1867.45,1867.54,29924.5,29925.0,1868.87,1868.88
2023-08-08 19:26:19,1868.43,1868.59,29941.0,29941.5,1869.91,1869.93
2023-08-08 19:26:36,1868.87,1868.99,29949.5,29950.0,1870.55,1870.57
2023-08-08 19:26:52,1868.7,1868.79,29939.5,29940.0,1870.15,1870.17
2023-08-08 19:27:08,1869.33,1869.42,29941.0,29941.5,1870.63,1870.64
2023-08-08 19:27:24,1869.2,1869.28,29941.0,29941.5,1870.55,1870.57
2023-08-08 19:27:39,1869.24,1869.27,29935.0,29935.5,1870.54,1870.55
2023-08-08 19:28:02,1869.61,1869.74,29935.0,29935.5,1870.67,1870.68
2023-08-08 19:28:20,1868.43,1868.57,29922.5,29923.0,1869.55,1869.56
2023-08-08 19:28:36,1867.41,1867.58,29905.0,29905.5,1868.61,1868.62
2023-08-08 19:28:52,1867.01,1867.12,29895.0,29895.5,1868.19,1868.2
2023-08-08 19:29:08,1866.42,1866.43,29887.0,29887.5,1867.49,1867.5
2023-08-08 19:29:24,1865.69,1865.84,29875.0,29875.5,1866.86,1866.87
2023-08-08 19:29:40,1865.82,1865.96,29876.5,29877.0,1866.83,1866.84
2023-08-08 19:29:56,1866.45,1866.57,29886.5,29887.0,1867.48,1867.49
2023-08-08 19:30:12,1866.55,1866.74,29892.5,29893.0,1867.55,1867.56
2023-08-08 19:30:28,1867.21,1867.39,29906.5,29907.0,1868.41,1868.42
2023-08-08 19:30:44,1867.33,1867.46,29906.5,29907.0,1868.7,1868.71
2023-08-08 19:30:59,1867.72,1867.82,29913.5,29914.0,1869.04,1869.06
2023-08-08 19:31:15,1868.37,1868.56,29919.0,29919.5,1869.68,1869.69
2023-08-08 19:31:31,1866.61,1866.74,29888.0,29888.5,1867.79,1867.8
2023-08-08 19:31:47,1867.06,1867.16,29896.5,29897.0,1868.19,1868.2
2023-08-08 19:32:03,1866.53,1866.71,29895.5,29896.0,1867.93,1867.94
2023-08-08 19:32:19,1866.24,1866.35,29894.0,29894.5,1867.6,1867.61
2023-08-08 19:32:35,1865.91,1866.06,29882.5,29883.0,1867.3,1867.31
2023-08-08 19:32:50,1865.79,1865.8,29876.5,29877.0,1866.95,1866.96
2023-08-08 19:33:07,1865.74,1865.87,29872.0,29872.5,1866.85,1866.87
2023-08-08 19:33:23,1866.32,1866.37,29882.0,29882.5,1867.38,1867.39
2023-08-08 19:33:39,1865.61,1865.73,29880.0,29880.5,1866.52,1866.54
2023-08-08 19:33:54,1865.01,1865.12,29878.5,29879.0,1866.04,1866.05
2023-08-08 19:34:11,1864.6,1864.69,29867.0,29867.5,1865.71,1865.72
2023-08-08 19:34:27,1863.97,1864.14,29861.5,29862.0,1865.1,1865.28
2023-08-08 19:34:43,1863.43,1863.59,29850.0,29850.5,1864.43,1864.45
2023-08-08 19:34:59,1863.72,1863.8,29843.0,29843.5,1864.77,1864.78
2023-08-08 19:35:15,1864.4,1864.5,29849.5,29850.0,1864.97,1864.98
2023-08-08 19:35:31,1864.53,1864.6,29868.0,29868.5,1865.76,1865.77
2023-08-08 19:35:47,1865.26,1865.37,29873.5,29874.0,1866.29,1866.31
2023-08-08 19:36:03,1864.09,1864.13,29861.0,29861.5,1864.96,1864.97
2023-08-08 19:36:19,1864.01,1864.11,29860.5,29861.0,1864.92,1864.94
2023-08-08 19:36:34,1864.0,1864.07,29868.5,29869.0,1864.88,1864.9
2023-08-08 19:36:50,1864.24,1864.39,29868.5,29869.0,1865.24,1865.25
2023-08-08 19:37:06,1864.44,1864.53,29867.5,29868.0,1865.45,1865.46
2023-08-08 19:37:21,1864.24,1864.32,29867.5,29868.0,1865.3,1865.31
2023-08-08 19:37:37,1863.91,1864.04,29867.5,29868.0,1865.1,1865.11
2023-08-08 19:37:54,1863.74,1863.88,29860.5,29861.0,1864.79,1864.8
2023-08-08 19:38:09,1863.54,1863.69,29860.5,29861.0,1864.42,1864.43
2023-08-08 19:38:25,1862.94,1863.02,29849.0,29849.5,1864.02,1864.03
2023-08-08 19:38:42,1863.21,1863.27,29849.0,29849.5,1864.18,1864.19
2023-08-08 19:38:58,1862.95,1863.06,29849.0,29849.5,1863.91,1863.92
2023-08-08 19:39:13,1863.17,1863.32,29860.0,29860.5,1864.52,1864.53
2023-08-08 19:39:29,1863.28,1863.35,29856.0,29856.5,1864.38,1864.39
2023-08-08 19:39:45,1863.18,1863.22,29854.5,29855.0,1864.32,1864.33
2023-08-08 19:40:01,1863.02,1863.12,29851.5,29852.0,1864.15,1864.16
2023-08-08 19:40:17,1862.85,1862.96,29851.5,29852.0,1863.89,1863.9
2023-08-08 19:40:33,1863.64,1863.78,29867.0,29867.5,1864.58,1864.59
2023-08-08 19:40:49,1862.97,1863.09,29854.0,29854.5,1864.2,1864.22
2023-08-08 19:41:07,1863.25,1863.45,29859.5,29860.0,1864.15,1864.16
2023-08-08 19:41:23,1863.45,1863.55,29867.0,29867.5,1864.38,1864.39
2023-08-08 19:41:38,1862.91,1863.02,29858.0,29858.5,1864.03,1864.04
2023-08-08 19:41:55,1862.66,1862.76,29851.5,29852.0,1863.43,1863.44
2023-08-08 19:42:11,1862.76,1862.87,29855.0,29855.5,1863.51,1863.52
2023-08-08 19:42:27,1862.9,1862.99,29859.0,29859.5,1863.63,1863.64
2023-08-08 19:42:43,1863.03,1863.19,29860.5,29861.0,1863.63,1863.64
2023-08-08 19:42:59,1863.14,1863.25,29867.0,29867.5,1863.79,1863.8
2023-08-08 19:43:16,1863.21,1863.22,29864.5,29865.0,1863.89,1863.9
2023-08-08 19:43:31,1862.86,1862.96,29853.0,29853.5,1863.8,1863.81
2023-08-08 19:43:47,1862.83,1862.87,29852.0,29852.5,1863.74,1863.75
2023-08-08 19:44:03,1862.78,1862.81,29852.0,29852.5,1863.71,1863.72
2023-08-08 19:44:18,1863.25,1863.37,29858.0,29858.5,1863.87,1863.88
2023-08-08 19:44:35,1862.87,1862.97,29858.0,29858.5,1863.71,1863.72
2023-08-08 19:44:50,1863.14,1863.23,29858.0,29858.5,1863.74,1863.76
2023-08-08 19:45:06,1863.15,1863.24,29865.5,29866.0,1863.97,1863.98
2023-08-08 19:45:22,1862.68,1862.78,29852.5,29853.0,1863.35,1863.36
2023-08-08 19:45:38,1863.03,1863.16,29860.5,29861.0,1863.68,1863.69
2023-08-08 19:45:54,1863.13,1863.21,29858.0,29858.5,1863.87,1863.88
2023-08-08 19:46:10,1863.18,1863.24,29863.0,29863.5,1863.87,1863.88
2023-08-08 19:46:26,1862.6,1862.68,29862.5,29863.0,1863.55,1863.56
2023-08-08 19:46:42,1862.54,1862.62,29862.5,29863.0,1863.28,1863.29
2023-08-08 19:46:57,1862.41,1862.48,29862.5,29863.0,1863.2,1863.21
2023-08-08 19:47:13,1861.87,1862.0,29862.5,29863.0,1862.85,1862.86
2023-08-08 19:47:29,1857.44,1857.55,29824.0,29824.5,1858.68,1858.7
2023-08-08 19:47:46,1857.91,1858.2,29828.0,29829.5,1859.14,1859.18
2023-08-08 19:48:02,1856.64,1856.85,29810.0,29810.5,1857.91,1857.92
2023-08-08 19:48:18,1855.4,1855.53,29794.5,29795.0,1856.24,1856.25
2023-08-08 19:48:33,1854.38,1854.69,29783.0,29783.5,1855.26,1855.28
2023-08-08 19:48:52,1854.72,1854.85,29770.0,29770.5,1855.42,1855.43
2023-08-08 19:49:08,1856.06,1856.21,29790.0,29790.5,1856.67,1856.68
2023-08-08 19:49:25,1854.49,1854.73,29775.5,29776.0,1855.4,1855.41
2023-08-08 19:49:41,1854.81,1854.95,29782.5,29783.0,1855.5,1855.51
2023-08-08 19:49:57,1855.61,1855.66,29790.5,29791.0,1856.18,1856.2
2023-08-08 19:50:13,1854.92,1855.08,29786.5,29787.0,1855.59,1855.6
2023-08-08 19:50:30,1855.21,1855.3,29785.0,29785.5,1855.92,1855.93
2023-08-08 19:50:45,1855.2,1855.28,29791.5,29792.0,1855.79,1855.81
2023-08-08 19:51:02,1854.88,1855.01,29791.5,29792.0,1855.48,1855.49
2023-08-08 19:51:18,1854.9,1855.0,29796.0,29796.5,1855.51,1855.52
2023-08-08 19:51:34,1855.58,1855.7,29814.5,29815.0,1856.13,1856.14
2023-08-08 19:51:50,1856.22,1856.35,29823.5,29824.0,1856.61,1856.62
2023-08-08 19:52:06,1855.37,1855.46,29815.0,29815.5,1855.91,1855.92
2023-08-08 19:52:23,1855.82,1855.99,29816.0,29816.5,1856.35,1856.36
2023-08-08 19:52:39,1856.28,1856.41,29824.5,29825.0,1856.82,1856.83
2023-08-08 19:52:55,1855.3,1855.4,29825.0,29825.5,1856.04,1856.05
2023-08-08 19:53:12,1855.59,1855.68,29830.0,29830.5,1856.24,1856.25
2023-08-08 19:53:27,1855.94,1856.04,29830.0,29830.5,1856.48,1856.49
2023-08-08 19:53:43,1855.81,1855.92,29830.0,29830.5,1856.35,1856.37
2023-08-08 19:53:58,1855.32,1855.43,29830.5,29831.0,1856.14,1856.15
2023-08-08 19:54:15,1855.03,1855.17,29830.5,29831.0,1855.62,1855.63
2023-08-08 19:54:31,1854.65,1854.76,29818.5,29819.0,1855.36,1855.37
2023-08-08 19:54:47,1854.61,1854.76,29817.5,29818.0,1855.21,1855.22
2023-08-08 19:55:03,1854.91,1855.02,29809.5,29810.0,1855.6,1855.62
2023-08-08 19:55:18,1855.58,1855.7,29828.0,29828.5,1856.47,1856.48
2023-08-08 19:55:36,1856.06,1856.19,29831.5,29832.0,1856.7,1856.72
2023-08-08 19:55:52,1856.15,1856.22,29833.5,29834.0,1856.88,1856.89
2023-08-08 19:56:08,1856.31,1856.45,29837.5,29838.0,1857.09,1857.11
2023-08-08 19:56:24,1855.94,1856.06,29828.5,29829.0,1856.7,1856.71
2023-08-08 19:56:40,1856.48,1856.55,29840.0,29840.5,1857.29,1857.3
2023-08-08 19:56:55,1855.94,1856.18,29830.5,29831.0,1856.7,1856.71
2023-08-08 19:57:12,1856.82,1856.96,29841.0,29841.5,1857.64,1857.65
2023-08-08 19:57:27,1857.34,1857.4,29844.5,29845.0,1858.06,1858.07
2023-08-08 19:57:43,1856.92,1857.02,29846.0,29846.5,1857.7,1857.71
2023-08-08 19:57:59,1856.88,1856.92,29835.5,29836.0,1857.6,1857.61
2023-08-08 19:58:14,1857.51,1857.59,29845.5,29846.0,1858.05,1858.07
2023-08-08 19:58:33,1857.34,1857.54,29845.5,29846.0,1858.04,1858.05
2023-08-08 19:58:50,1856.98,1857.09,29836.0,29836.5,1857.44,1857.45
2023-08-08 19:59:08,1857.71,1857.83,29846.0,29846.5,1857.96,1857.97
2023-08-08 19:59:26,1857.81,1857.88,29846.0,29846.5,1858.49,1858.5
2023-08-08 19:59:42,1857.96,1858.11,29851.5,29852.0,1858.69,1858.7
2023-08-08 19:59:58,1857.81,1857.82,29851.5,29852.0,1858.57,1858.58
2023-08-08 20:00:13,1858.18,1858.31,29851.5,29852.0,1858.95,1858.96
2023-08-08 20:00:30,1857.94,1858.05,29854.5,29855.0,1858.75,1858.76
2023-08-08 20:00:46,1857.82,1857.99,29851.5,29852.0,1858.42,1858.44
2023-08-08 20:01:01,1857.75,1857.88,29851.5,29852.0,1858.36,1858.37
2023-08-08 20:01:17,1858.33,1858.39,29855.0,29855.5,1858.85,1858.86
2023-08-08 20:01:35,1858.91,1859.04,29860.5,29861.0,1859.51,1859.52
2023-08-08 20:01:50,1859.3,1859.49,29867.0,29867.5,1859.99,1860.0
2023-08-08 20:02:06,1858.69,1858.85,29867.0,29867.5,1859.51,1859.52
