timestamp,Binance_BTCTUSD_bid,Binance_BTCTUSD_ask,Deribit_BTCPERPETUAL_bid,Deribit_BTCPERPETUAL_ask,Bitget_BTCUSDTUMCBL_bid,Bitget_BTCUSDTUMCBL_ask
2023-08-06 11:49:43,29073.03,29073.4,29058.5,29059.0,29057.5,29058.0
2023-08-06 11:49:59,29073.75,29073.98,29058.5,29059.0,29057.5,29058.0
2023-08-06 11:50:14,29076.1,29076.38,29058.5,29059.0,29057.5,29058.0
2023-08-06 11:50:30,29074.84,29075.29,29058.5,29059.0,29057.5,29058.0
2023-08-06 11:50:46,29077.01,29077.58,29058.5,29059.0,29057.5,29058.0
2023-08-06 11:51:02,29072.35,29073.03,29058.5,29059.0,29057.5,29058.0
2023-08-06 11:51:18,29074.11,29074.27,29058.5,29059.0,29057.5,29058.0
2023-08-06 11:51:33,29074.91,29075.69,29058.5,29059.0,29057.5,29058.0
2023-08-06 11:51:49,29077.43,29077.75,29058.5,29059.0,29057.5,29058.0
2023-08-06 11:52:05,29077.48,29078.27,29058.5,29059.0,29060.5,29061.0
2023-08-06 11:52:21,29077.72,29078.06,29058.5,29059.0,29061.0,29061.5
2023-08-06 11:52:37,29078.03,29078.97,29058.5,29059.0,29062.5,29063.0
2023-08-06 11:52:53,29077.11,29077.13,29058.5,29059.0,29062.5,29063.0
2023-08-06 11:53:08,29077.32,29077.57,29058.5,29059.0,29062.5,29063.0
2023-08-06 11:53:24,29077.41,29078.13,29058.5,29059.0,29063.0,29063.5
2023-08-06 11:53:40,29076.97,29077.52,29058.5,29059.0,29063.0,29063.5
2023-08-06 11:53:56,29076.64,29076.65,29058.5,29059.0,29063.0,29063.5
2023-08-06 11:54:12,29076.65,29077.4,29058.5,29059.0,29063.0,29063.5
2023-08-06 11:54:27,29075.86,29075.96,29058.5,29059.0,29063.0,29063.5
2023-08-06 11:54:43,29076.02,29076.66,29058.5,29059.0,29063.0,29063.5
2023-08-06 11:54:59,29075.02,29075.62,29058.5,29059.0,29063.0,29063.5
2023-08-06 11:55:15,29077.26,29077.86,29058.5,29059.0,29063.0,29063.5
2023-08-06 11:55:31,29077.07,29077.35,29058.5,29059.0,29063.0,29063.5
2023-08-06 11:55:46,29074.71,29075.66,29058.5,29059.0,29063.0,29063.5
2023-08-06 11:56:02,29073.08,29073.33,29058.5,29059.0,29061.5,29062.0
2023-08-06 11:56:18,29073.34,29074.14,29058.5,29059.0,29061.0,29061.5
2023-08-06 11:56:34,29071.57,29071.58,29058.5,29059.0,29061.0,29061.5
2023-08-06 11:56:50,29072.38,29072.39,29058.5,29059.0,29061.0,29061.5
2023-08-06 11:57:05,29072.46,29072.61,29058.5,29059.0,29061.0,29061.5
2023-08-06 11:57:21,29071.75,29072.0,29058.5,29059.0,29061.0,29061.5
2023-08-06 11:57:37,29072.39,29072.83,29058.5,29059.0,29061.0,29061.5
2023-08-06 11:57:53,29072.0,29072.64,29058.5,29059.0,29061.0,29061.5
2023-08-06 11:58:09,29072.35,29072.9,29058.5,29059.0,29061.0,29061.5
2023-08-06 11:58:24,29072.89,29073.42,29058.5,29059.0,29061.0,29061.5
2023-08-06 11:58:40,29072.78,29072.98,29058.5,29059.0,29061.0,29061.5
2023-08-06 11:58:56,29072.23,29072.87,29058.5,29059.0,29061.0,29061.5
2023-08-06 11:59:12,29073.07,29073.52,29058.5,29059.0,29061.0,29061.5
2023-08-06 11:59:28,29072.69,29072.97,29058.5,29059.0,29061.0,29061.5
2023-08-06 11:59:43,29071.35,29071.41,29058.5,29059.0,29061.0,29061.5
2023-08-06 11:59:59,29070.61,29071.0,29058.5,29059.0,29061.0,29061.5
2023-08-06 12:00:15,29071.17,29071.5,29058.5,29059.0,29060.5,29061.0
2023-08-06 12:00:31,29070.82,29071.59,29058.5,29059.0,29060.5,29061.0
2023-08-06 12:00:47,29070.82,29071.36,29059.0,29059.5,29060.5,29061.0
2023-08-06 12:01:03,29069.07,29069.08,29059.5,29060.0,29060.5,29061.0
2023-08-06 12:01:18,29069.0,29069.38,29059.5,29060.0,29060.0,29060.5
2023-08-06 12:01:34,29068.97,29069.52,29059.5,29060.0,29059.5,29060.0
2023-08-06 12:01:50,29069.27,29069.85,29059.5,29060.0,29059.5,29060.0
2023-08-06 12:02:06,29068.78,29068.9,29059.5,29060.0,29059.5,29060.0
2023-08-06 12:02:22,29068.6,29068.99,29059.5,29060.0,29059.5,29060.0
2023-08-06 12:02:37,29068.78,29068.96,29059.5,29060.0,29059.5,29060.0
2023-08-06 12:02:53,29068.7,29069.35,29059.5,29060.0,29059.5,29060.0
2023-08-06 12:03:09,29068.94,29069.44,29059.5,29060.0,29059.5,29060.0
2023-08-06 12:03:25,29069.43,29069.88,29059.5,29060.0,29059.5,29060.0
2023-08-06 12:03:41,29069.6,29069.71,29059.5,29060.0,29059.5,29060.0
2023-08-06 12:03:56,29069.58,29069.98,29059.5,29060.0,29059.5,29060.0
2023-08-06 12:04:12,29069.5,29070.04,29059.5,29060.0,29059.5,29060.0
2023-08-06 12:04:28,29069.07,29069.39,29059.5,29060.0,29059.5,29060.0
2023-08-06 12:04:44,29068.43,29068.73,29059.5,29060.0,29059.5,29060.0
2023-08-06 12:05:00,29068.3,29068.59,29059.5,29060.0,29059.5,29060.0
2023-08-06 12:05:16,29069.5,29069.99,29059.5,29060.0,29058.0,29058.5
2023-08-06 12:05:31,29070.92,29071.34,29059.5,29060.0,29058.5,29059.0
2023-08-06 12:05:48,29070.87,29071.31,29059.5,29060.0,29058.0,29058.5
2023-08-06 12:06:05,29069.45,29069.46,29059.5,29060.0,29058.0,29058.5
2023-08-06 12:06:21,29069.34,29069.35,29059.5,29060.0,29058.0,29058.5
2023-08-06 12:06:36,29070.16,29070.21,29059.5,29060.0,29058.5,29059.0
2023-08-06 12:06:52,29069.81,29070.0,29059.5,29060.0,29058.0,29059.0
2023-08-06 12:07:08,29069.7,29070.17,29059.5,29060.0,29058.5,29059.0
2023-08-06 12:07:24,29069.72,29069.81,29059.5,29060.0,29058.5,29059.0
2023-08-06 12:07:40,29068.83,29069.3,29059.5,29060.0,29058.0,29058.5
2023-08-06 12:07:55,29068.87,29068.88,29059.5,29060.0,29058.0,29058.5
2023-08-06 12:08:11,29070.03,29070.4,29059.5,29060.0,29058.0,29058.5
2023-08-06 12:08:28,29066.41,29067.39,29059.5,29060.0,29058.0,29058.5
2023-08-06 12:08:44,29066.89,29067.53,29059.5,29060.0,29058.0,29058.5
2023-08-06 12:09:00,29066.8,29067.54,29059.5,29060.0,29058.0,29058.5
2023-08-06 12:09:15,29066.61,29067.33,29059.5,29060.0,29058.0,29058.5
2023-08-06 12:09:32,29067.62,29068.18,29059.5,29060.0,29058.0,29058.5
2023-08-06 12:09:48,29068.43,29069.29,29059.5,29060.0,29058.0,29058.5
2023-08-06 12:10:04,29068.68,29069.74,29059.5,29060.0,29058.0,29058.5
2023-08-06 12:10:21,29072.76,29074.28,29059.5,29060.0,29057.5,29058.0
2023-08-06 12:10:37,29071.67,29071.92,29059.5,29060.0,29059.5,29060.0
2023-08-06 12:10:56,29072.32,29072.41,29059.5,29060.0,29059.5,29060.0
2023-08-06 12:11:12,29072.15,29072.71,29059.5,29060.0,29059.5,29060.0
2023-08-06 12:11:28,29071.13,29071.59,29059.5,29060.0,29059.5,29060.0
2023-08-06 12:11:45,29072.11,29072.2,29059.5,29060.0,29059.5,29060.0
2023-08-06 12:12:02,29071.57,29071.95,29059.5,29060.0,29059.5,29060.0
2023-08-06 12:12:18,29071.84,29071.92,29059.5,29060.0,29059.5,29060.0
2023-08-06 12:12:35,29071.09,29071.26,29059.5,29060.0,29059.5,29060.0
2023-08-06 12:12:52,29071.62,29071.64,29059.5,29060.0,29059.5,29060.0
2023-08-06 12:13:08,29071.73,29071.85,29059.5,29060.0,29059.5,29060.0
2023-08-06 12:13:25,29071.23,29071.78,29059.5,29060.0,29060.0,29060.5
2023-08-06 12:13:41,29071.25,29071.69,29059.5,29060.0,29060.0,29060.5
2023-08-06 12:13:57,29071.19,29071.52,29059.5,29060.0,29060.0,29060.5
2023-08-06 12:14:13,29071.46,29071.89,29059.5,29060.0,29060.0,29060.5
2023-08-06 12:14:29,29071.79,29072.34,29059.5,29060.0,29060.0,29060.5
2023-08-06 12:14:46,29072.27,29072.38,29059.5,29060.0,29060.0,29060.5
2023-08-06 12:15:03,29073.26,29073.69,29059.5,29060.0,29060.0,29060.5
2023-08-06 12:15:19,29074.87,29074.9,29059.5,29060.0,29060.0,29060.5
2023-08-06 12:15:36,29073.41,29073.99,29059.5,29060.0,29060.0,29060.5
2023-08-06 12:15:52,29073.02,29073.65,29059.5,29060.0,29060.0,29060.5
2023-08-06 12:16:09,29068.8,29069.2,29059.5,29060.0,29060.0,29060.5
2023-08-06 12:16:25,29069.08,29069.43,29059.5,29060.0,29059.0,29059.5
2023-08-06 12:16:41,29068.93,29069.39,29059.5,29060.0,29059.0,29059.5
2023-08-06 12:16:56,29069.88,29070.44,29059.5,29060.0,29059.0,29059.5
2023-08-06 12:17:12,29069.03,29069.39,29059.5,29060.0,29059.0,29059.5
2023-08-06 12:17:28,29069.37,29069.38,29059.5,29060.0,29059.0,29059.5
2023-08-06 12:17:44,29069.44,29070.04,29059.5,29060.0,29059.0,29059.5
2023-08-06 12:17:59,29069.83,29070.42,29059.5,29060.0,29059.5,29060.0
2023-08-06 12:18:15,29069.17,29069.51,29059.5,29060.0,29059.5,29060.0
2023-08-06 12:18:31,29068.3,29068.92,29059.5,29060.0,29059.0,29059.5
2023-08-06 12:18:47,29068.41,29068.51,29059.5,29060.0,29059.0,29059.5
2023-08-06 12:19:03,29066.81,29066.83,29059.5,29060.0,29059.0,29059.5
2023-08-06 12:19:19,29066.43,29066.89,29059.5,29060.0,29059.0,29059.5
2023-08-06 12:19:34,29066.67,29066.79,29059.5,29060.0,29059.0,29059.5
2023-08-06 12:19:50,29066.87,29067.46,29059.5,29060.0,29059.0,29059.5
2023-08-06 12:20:06,29065.53,29066.22,29059.5,29060.0,29059.0,29059.5
2023-08-06 12:20:22,29066.0,29066.16,29059.5,29060.0,29059.0,29059.5
2023-08-06 12:20:38,29066.01,29066.79,29059.5,29060.0,29059.0,29059.5
2023-08-06 12:20:53,29064.69,29065.29,29059.5,29060.0,29057.0,29057.5
2023-08-06 12:21:09,29064.94,29065.55,29059.5,29060.0,29057.5,29058.0
2023-08-06 12:21:25,29065.29,29065.53,29059.5,29060.0,29057.0,29057.5
2023-08-06 12:21:41,29064.33,29065.07,29059.5,29060.0,29057.0,29057.5
2023-08-06 12:21:57,29062.35,29062.96,29059.5,29060.0,29055.0,29055.5
2023-08-06 12:22:13,29063.15,29063.64,29059.5,29060.0,29055.0,29055.5
2023-08-06 12:22:28,29060.87,29061.44,29059.5,29060.0,29055.0,29055.5
2023-08-06 12:22:44,29059.17,29059.36,29059.5,29060.0,29055.0,29055.5
2023-08-06 12:23:00,29058.26,29058.86,29059.5,29060.0,29051.0,29051.5
2023-08-06 12:23:16,29058.13,29058.83,29059.5,29060.0,29051.0,29051.5
2023-08-06 12:23:32,29057.53,29058.51,29059.5,29060.0,29051.0,29051.5
2023-08-06 12:23:47,29057.62,29057.96,29053.0,29053.5,29051.0,29051.5
2023-08-06 12:24:03,29057.35,29057.71,29052.5,29053.0,29048.0,29048.5
2023-08-06 12:24:19,29056.45,29056.61,29050.0,29050.5,29048.0,29048.5
2023-08-06 12:24:35,29054.2,29054.85,29047.0,29047.5,29046.5,29047.0
2023-08-06 12:24:51,29055.94,29056.71,29047.0,29047.5,29045.0,29045.5
2023-08-06 12:25:07,29055.21,29055.99,29047.0,29047.5,29045.0,29045.5
2023-08-06 12:25:24,29056.04,29056.78,29047.0,29047.5,29045.0,29045.5
2023-08-06 12:25:41,29056.17,29056.4,29047.0,29047.5,29045.0,29045.5
2023-08-06 12:25:57,29056.18,29056.46,29047.0,29047.5,29045.0,29045.5
2023-08-06 12:26:14,29056.08,29056.67,29047.0,29047.5,29045.0,29045.5
2023-08-06 12:26:30,29054.73,29055.44,29047.0,29047.5,29044.5,29045.0
2023-08-06 12:26:47,29055.22,29055.95,29047.0,29047.5,29044.5,29045.0
2023-08-06 12:27:04,29055.48,29056.44,29047.0,29047.5,29044.5,29045.0
2023-08-06 12:27:19,29053.25,29054.4,29046.0,29046.5,29044.0,29044.5
2023-08-06 12:27:35,29052.57,29052.99,29046.0,29046.5,29044.0,29044.5
2023-08-06 12:27:51,29052.91,29053.61,29043.5,29044.0,29043.5,29044.0
2023-08-06 12:28:07,29053.02,29053.46,29043.5,29044.0,29043.5,29044.0
2023-08-06 12:28:23,29052.77,29053.38,29043.5,29044.0,29043.0,29043.5
2023-08-06 12:28:39,29052.02,29052.22,29043.5,29044.0,29041.5,29042.0
2023-08-06 12:28:55,29052.57,29052.92,29043.5,29044.0,29041.5,29042.0
2023-08-06 12:29:11,29052.83,29053.0,29043.5,29044.0,29040.5,29041.0
2023-08-06 12:29:28,29053.0,29053.62,29043.5,29044.0,29040.5,29041.0
2023-08-06 12:29:44,29053.12,29053.43,29043.5,29044.0,29040.5,29041.0
2023-08-06 12:30:00,29052.04,29052.75,29043.5,29044.0,29040.5,29041.0
2023-08-06 12:30:16,29050.8,29051.28,29043.5,29044.0,29040.5,29041.0
2023-08-06 12:30:32,29051.22,29051.91,29043.5,29044.0,29040.5,29041.0
2023-08-06 12:30:47,29052.38,29052.54,29043.5,29044.0,29040.5,29041.0
2023-08-06 12:31:03,29053.27,29053.68,29043.5,29044.0,29040.5,29041.0
2023-08-06 12:31:19,29051.99,29052.64,29043.5,29044.0,29040.5,29041.0
2023-08-06 12:31:35,29052.25,29053.18,29043.5,29044.0,29040.5,29041.0
2023-08-06 12:31:51,29053.14,29053.39,29043.5,29044.0,29040.5,29041.0
2023-08-06 12:32:06,29054.22,29054.46,29043.5,29044.0,29040.5,29041.0
2023-08-06 12:32:22,29054.39,29054.87,29043.5,29044.0,29040.5,29041.0
2023-08-06 12:32:38,29054.05,29054.67,29043.5,29044.0,29040.5,29041.0
2023-08-06 12:32:54,29054.62,29054.8,29043.5,29044.0,29040.5,29041.0
2023-08-06 12:33:10,29053.34,29053.85,29043.5,29044.0,29040.5,29041.0
2023-08-06 12:33:25,29053.82,29054.26,29042.0,29042.5,29040.0,29040.5
2023-08-06 12:33:41,29049.06,29049.69,29042.0,29042.5,29038.5,29039.0
2023-08-06 12:33:57,29049.28,29049.63,29041.5,29042.0,29037.5,29038.0
2023-08-06 12:34:13,29050.09,29050.87,29041.5,29042.0,29038.0,29038.5
2023-08-06 12:34:29,29050.89,29051.22,29041.5,29042.0,29038.0,29038.5
2023-08-06 12:34:44,29049.15,29049.6,29041.5,29042.0,29038.0,29038.5
2023-08-06 12:35:00,29049.01,29049.48,29041.5,29042.0,29038.0,29038.5
2023-08-06 12:35:16,29047.34,29047.69,29040.5,29041.0,29037.5,29038.0
2023-08-06 12:35:33,29047.23,29047.88,29040.0,29040.5,29034.5,29035.0
2023-08-06 12:35:49,29046.92,29047.39,29040.0,29040.5,29034.5,29035.0
2023-08-06 12:36:04,29045.01,29045.83,29040.0,29040.5,29034.0,29034.5
2023-08-06 12:36:20,29045.3,29046.05,29038.0,29038.5,29034.0,29034.5
2023-08-06 12:36:36,29044.58,29044.63,29037.5,29038.0,29034.0,29034.5
2023-08-06 12:36:52,29045.37,29045.95,29037.0,29037.5,29029.5,29030.0
2023-08-06 12:37:08,29042.01,29042.39,29037.0,29037.5,29028.5,29029.0
2023-08-06 12:37:24,29040.1,29040.95,29035.0,29035.5,29027.5,29028.5
2023-08-06 12:37:39,29039.98,29040.88,29035.0,29035.5,29027.0,29027.5
2023-08-06 12:37:55,29040.69,29041.22,29031.5,29032.0,29027.0,29027.5
2023-08-06 12:38:11,29042.7,29043.85,29031.5,29032.0,29030.5,29031.0
2023-08-06 12:38:27,29045.71,29046.26,29031.5,29032.0,29031.0,29031.5
2023-08-06 12:38:43,29042.05,29043.06,29031.5,29032.0,29031.0,29031.5
2023-08-06 12:38:59,29042.38,29043.0,29031.5,29032.0,29030.5,29031.0
2023-08-06 12:39:14,29042.76,29043.18,29031.5,29032.0,29030.5,29031.0
2023-08-06 12:39:30,29042.29,29042.5,29031.5,29032.0,29030.0,29030.5
2023-08-06 12:39:46,29044.0,29044.39,29031.5,29032.0,29030.0,29030.5
2023-08-06 12:40:02,29036.32,29036.92,29030.0,29030.5,29028.0,29028.5
2023-08-06 12:40:19,29038.51,29039.07,29030.0,29030.5,29028.0,29028.5
2023-08-06 12:40:35,29028.71,29029.53,29026.0,29026.5,29020.0,29020.5
2023-08-06 12:40:51,29032.13,29032.77,29025.0,29025.5,29020.5,29021.0
2023-08-06 12:41:07,29030.18,29030.54,29019.0,29019.5,29020.0,29020.5
2023-08-06 12:41:23,29030.36,29030.99,29019.0,29019.5,29018.0,29018.5
2023-08-06 12:41:38,29029.43,29030.77,29019.0,29019.5,29017.5,29018.0
2023-08-06 12:41:55,29027.68,29028.37,29018.0,29018.5,29016.5,29017.0
2023-08-06 12:42:11,29027.41,29027.71,29016.5,29017.0,29018.0,29018.5
2023-08-06 12:42:26,29027.17,29027.59,29016.5,29017.0,29018.0,29018.5
2023-08-06 12:42:42,29029.39,29029.87,29016.0,29016.5,29019.0,29019.5
2023-08-06 12:42:58,29029.78,29030.72,29016.0,29016.5,29019.0,29019.5
2023-08-06 12:43:14,29032.81,29033.62,29016.0,29016.5,29019.0,29019.5
2023-08-06 12:43:30,29032.33,29032.43,29016.0,29016.5,29019.0,29019.5
2023-08-06 12:43:47,29030.38,29031.0,29016.0,29016.5,29019.0,29019.5
2023-08-06 12:44:03,29031.37,29031.48,29016.0,29016.5,29019.0,29019.5
2023-08-06 12:44:19,29033.02,29033.38,29016.0,29016.5,29019.0,29019.5
2023-08-06 12:44:35,29034.23,29035.04,29016.0,29016.5,29019.0,29019.5
2023-08-06 12:44:52,29032.21,29033.19,29016.0,29016.5,29019.0,29019.5
2023-08-06 12:45:09,29028.97,29029.52,29012.0,29012.5,29018.5,29019.0
2023-08-06 12:45:24,29027.71,29028.25,29012.0,29012.5,29017.5,29018.0
2023-08-06 12:45:40,29025.46,29026.11,29012.0,29012.5,29017.5,29018.0
2023-08-06 12:45:56,29026.45,29027.28,29012.0,29012.5,29016.5,29017.0
2023-08-06 12:46:12,29024.65,29025.59,29012.0,29012.5,29016.5,29017.0
2023-08-06 12:46:28,29024.62,29025.24,29012.0,29012.5,29016.0,29016.5
2023-08-06 12:46:44,29024.14,29024.43,29011.0,29011.5,29016.0,29016.5
2023-08-06 12:46:59,29024.12,29024.49,29010.0,29010.5,29014.5,29015.0
2023-08-06 12:47:15,29025.08,29025.65,29009.5,29010.0,29014.0,29014.5
2023-08-06 12:47:31,29026.77,29027.78,29009.5,29010.0,29014.5,29015.0
2023-08-06 12:47:47,29028.09,29028.3,29009.5,29010.0,29015.0,29015.5
2023-08-06 12:48:04,29029.17,29029.37,29009.5,29010.0,29015.0,29015.5
2023-08-06 12:48:21,29026.75,29027.59,29009.5,29010.0,29015.0,29015.5
2023-08-06 12:48:36,29028.77,29029.43,29009.5,29010.0,29015.0,29015.5
2023-08-06 12:48:53,29030.29,29030.38,29009.5,29010.0,29016.0,29016.5
2023-08-06 12:49:10,29033.32,29033.8,29009.5,29010.0,29018.0,29018.5
2023-08-06 12:49:27,29035.0,29035.46,29013.0,29013.5,29021.0,29021.5
2023-08-06 12:49:43,29038.0,29038.84,29018.0,29018.5,29023.5,29024.0
2023-08-06 12:50:00,29043.98,29044.7,29020.5,29021.0,29029.0,29029.5
2023-08-06 12:50:16,29040.86,29041.15,29023.0,29023.5,29030.5,29031.0
2023-08-06 12:50:32,29040.83,29041.56,29023.0,29023.5,29030.5,29031.0
2023-08-06 12:50:48,29036.23,29036.73,29023.0,29023.5,29029.0,29029.5
2023-08-06 12:51:04,29035.55,29036.44,29023.0,29023.5,29029.0,29029.5
2023-08-06 12:51:20,29036.02,29036.06,29023.0,29023.5,29029.0,29029.5
2023-08-06 12:51:35,29028.0,29028.61,29014.5,29015.0,29022.0,29022.5
2023-08-06 12:51:51,29028.01,29028.26,29014.5,29015.0,29020.5,29021.0
2023-08-06 12:52:07,29026.62,29027.46,29010.5,29011.0,29016.5,29017.0
2023-08-06 12:52:23,29026.13,29026.99,29010.5,29011.0,29015.0,29015.5
2023-08-06 12:52:39,29026.47,29027.13,29010.0,29010.5,29014.5,29015.0
2023-08-06 12:52:55,29026.02,29026.64,29009.5,29010.0,29015.0,29015.5
2023-08-06 12:53:11,29024.72,29025.11,29009.5,29010.0,29014.5,29015.0
2023-08-06 12:53:26,29024.31,29025.11,29009.5,29010.0,29014.5,29015.0
2023-08-06 12:53:42,29025.0,29025.43,29009.5,29010.0,29014.5,29015.0
2023-08-06 12:53:58,29025.13,29025.22,29009.5,29010.0,29014.5,29015.0
2023-08-06 12:54:14,29026.01,29026.29,29009.5,29010.0,29014.5,29015.0
2023-08-06 12:54:30,29025.25,29025.68,29009.5,29010.0,29014.5,29015.0
2023-08-06 12:54:46,29025.26,29025.52,29009.5,29010.0,29014.5,29015.0
2023-08-06 12:55:01,29025.23,29026.99,29009.5,29010.0,29014.5,29015.0
2023-08-06 12:55:17,29027.01,29027.77,29009.5,29010.0,29014.5,29015.0
2023-08-06 12:55:34,29026.49,29027.3,29009.5,29010.0,29014.5,29015.0
2023-08-06 12:55:51,29032.56,29032.76,29016.0,29016.5,29020.5,29021.0
2023-08-06 12:56:06,29028.03,29028.43,29016.0,29016.5,29019.5,29020.0
2023-08-06 12:56:22,29030.86,29031.16,29016.0,29016.5,29020.0,29020.5
2023-08-06 12:56:38,29031.03,29031.79,29016.0,29016.5,29020.5,29021.0
2023-08-06 12:56:54,29030.54,29030.55,29016.0,29016.5,29022.0,29022.5
2023-08-06 12:57:10,29031.0,29032.08,29016.0,29016.5,29023.5,29024.0
2023-08-06 12:57:26,29030.94,29031.64,29016.0,29016.5,29024.0,29024.5
2023-08-06 12:57:42,29030.68,29031.55,29016.0,29016.5,29024.0,29024.5
2023-08-06 12:57:57,29032.2,29032.62,29016.0,29016.5,29024.0,29024.5
2023-08-06 12:58:13,29030.53,29030.86,29016.0,29016.5,29024.0,29024.5
2023-08-06 12:58:29,29031.31,29031.85,29016.0,29016.5,29024.0,29024.5
2023-08-06 12:58:45,29031.12,29031.63,29016.0,29016.5,29024.0,29024.5
2023-08-06 12:59:01,29033.46,29033.73,29016.0,29016.5,29024.0,29024.5
2023-08-06 12:59:16,29032.53,29032.96,29016.0,29016.5,29024.0,29024.5
2023-08-06 12:59:32,29032.13,29032.78,29016.0,29016.5,29024.0,29024.5
2023-08-06 12:59:48,29031.18,29031.7,29016.0,29016.5,29024.0,29024.5
2023-08-06 13:00:04,29030.15,29031.81,29016.0,29016.5,29024.0,29024.5
2023-08-06 13:00:20,29024.15,29024.9,29014.0,29014.5,29022.0,29023.5
2023-08-06 13:00:35,29026.45,29026.99,29014.0,29014.5,29019.0,29020.0
2023-08-06 13:00:51,29029.16,29029.83,29014.0,29014.5,29022.0,29022.5
2023-08-06 13:01:07,29025.6,29026.03,29014.0,29014.5,29022.0,29022.5
2023-08-06 13:01:23,29024.73,29025.7,29014.0,29014.5,29020.0,29020.5
2023-08-06 13:01:39,29025.73,29026.68,29014.0,29014.5,29020.0,29020.5
2023-08-06 13:01:55,29028.15,29028.26,29014.0,29014.5,29020.5,29021.0
2023-08-06 13:02:10,29026.99,29027.0,29014.0,29014.5,29020.0,29020.5
2023-08-06 13:02:26,29028.37,29029.04,29014.0,29014.5,29020.0,29020.5
2023-08-06 13:02:42,29027.69,29028.56,29014.0,29014.5,29020.0,29020.5
2023-08-06 13:02:58,29024.55,29025.48,29014.0,29014.5,29020.5,29021.0
2023-08-06 13:03:14,29025.07,29025.42,29014.0,29014.5,29020.5,29021.0
2023-08-06 13:03:30,29026.07,29026.69,29014.0,29014.5,29020.5,29021.0
2023-08-06 13:03:46,29024.27,29025.09,29014.0,29014.5,29020.0,29020.5
2023-08-06 13:04:02,29023.65,29024.27,29014.0,29014.5,29020.0,29020.5
2023-08-06 13:04:17,29022.48,29022.96,29014.0,29014.5,29016.0,29017.5
2023-08-06 13:04:33,29022.61,29023.49,29014.0,29014.5,29015.0,29015.5
2023-08-06 13:04:49,29025.58,29025.79,29014.0,29014.5,29017.0,29017.5
2023-08-06 13:05:05,29025.15,29025.99,29014.0,29014.5,29017.0,29017.5
2023-08-06 13:05:21,29025.01,29025.8,29014.0,29014.5,29017.0,29017.5
2023-08-06 13:05:37,29028.19,29028.99,29014.0,29014.5,29017.0,29017.5
2023-08-06 13:05:54,29026.0,29026.6,29014.0,29014.5,29017.0,29017.5
2023-08-06 13:06:09,29027.63,29028.76,29014.0,29014.5,29017.0,29017.5
2023-08-06 13:06:26,29027.2,29027.99,29014.0,29014.5,29017.0,29017.5
2023-08-06 13:06:43,29027.3,29027.84,29014.0,29014.5,29017.0,29017.5
2023-08-06 13:06:59,29028.03,29028.54,29014.0,29014.5,29017.0,29017.5
2023-08-06 13:07:16,29028.5,29029.36,29014.0,29014.5,29017.0,29017.5
2023-08-06 13:07:32,29028.01,29028.82,29014.0,29014.5,29017.0,29017.5
2023-08-06 13:07:49,29031.23,29031.86,29014.0,29014.5,29018.0,29018.5
2023-08-06 13:08:06,29031.08,29031.41,29014.0,29014.5,29018.0,29018.5
2023-08-06 13:08:22,29029.17,29029.74,29014.0,29014.5,29018.0,29018.5
2023-08-06 13:08:39,29029.37,29029.58,29014.0,29014.5,29018.0,29018.5
2023-08-06 13:08:55,29028.01,29028.79,29014.0,29014.5,29018.0,29018.5
2023-08-06 13:09:12,29028.84,29029.53,29014.0,29014.5,29018.0,29018.5
2023-08-06 13:09:28,29028.43,29029.08,29014.0,29014.5,29018.0,29018.5
2023-08-06 13:09:45,29028.77,29029.78,29014.0,29014.5,29018.0,29018.5
2023-08-06 13:10:02,29028.27,29029.55,29014.0,29014.5,29018.0,29018.5
2023-08-06 13:10:18,29028.41,29028.75,29014.0,29014.5,29018.0,29018.5
2023-08-06 13:10:35,29027.7,29028.36,29014.0,29014.5,29017.5,29018.0
2023-08-06 13:10:51,29028.13,29029.0,29014.0,29014.5,29017.5,29018.0
2023-08-06 13:11:07,29025.55,29026.41,29014.0,29014.5,29017.5,29018.0
2023-08-06 13:11:23,29028.2,29028.53,29014.0,29014.5,29017.0,29017.5
2023-08-06 13:11:40,29027.27,29027.61,29014.0,29014.5,29017.0,29017.5
2023-08-06 13:11:56,29026.44,29027.29,29014.0,29014.5,29017.0,29017.5
2023-08-06 13:12:11,29025.71,29026.41,29014.0,29014.5,29017.0,29017.5
2023-08-06 13:12:27,29027.4,29027.47,29014.0,29014.5,29017.0,29017.5
2023-08-06 13:12:43,29026.25,29026.96,29014.0,29014.5,29017.0,29017.5
2023-08-06 13:12:59,29027.15,29027.86,29014.0,29014.5,29017.0,29017.5
2023-08-06 13:13:15,29025.57,29025.94,29014.0,29014.5,29017.0,29017.5
2023-08-06 13:13:30,29026.03,29026.26,29014.0,29014.5,29017.5,29018.0
2023-08-06 13:13:46,29025.39,29025.63,29014.0,29014.5,29017.0,29017.5
2023-08-06 13:14:02,29024.67,29024.88,29014.0,29014.5,29017.0,29017.5
2023-08-06 13:14:19,29025.18,29026.1,29014.0,29014.5,29017.0,29017.5
2023-08-06 13:14:35,29026.05,29026.93,29014.0,29014.5,29017.5,29018.0
2023-08-06 13:14:50,29025.4,29026.23,29014.0,29014.5,29017.5,29018.0
2023-08-06 13:15:06,29025.59,29025.8,29014.0,29014.5,29018.0,29018.5
2023-08-06 13:15:22,29025.57,29025.79,29014.0,29014.5,29018.0,29018.5
2023-08-06 13:15:39,29025.01,29025.18,29014.0,29014.5,29017.5,29019.5
2023-08-06 13:15:54,29024.15,29024.78,29014.0,29014.5,29018.0,29018.5
2023-08-06 13:16:10,29024.29,29024.46,29014.0,29014.5,29017.5,29018.0
2023-08-06 13:16:26,29024.32,29024.88,29014.0,29014.5,29017.5,29020.5
2023-08-06 13:16:42,29023.62,29024.5,29014.0,29014.5,29020.0,29020.5
2023-08-06 13:16:58,29025.05,29025.7,29014.0,29014.5,29020.0,29020.5
2023-08-06 13:17:14,29025.61,29025.86,29014.0,29014.5,29018.0,29018.5
2023-08-06 13:17:30,29025.14,29025.75,29014.0,29014.5,29019.0,29019.5
2023-08-06 13:17:45,29025.11,29025.84,29014.0,29014.5,29018.5,29019.0
2023-08-06 13:18:01,29027.86,29028.38,29014.0,29014.5,29018.5,29019.0
2023-08-06 13:18:17,29026.81,29027.16,29014.0,29014.5,29019.5,29020.0
2023-08-06 13:18:33,29026.61,29026.75,29014.0,29014.5,29019.0,29019.5
2023-08-06 13:18:49,29028.1,29028.7,29014.0,29014.5,29020.0,29020.5
2023-08-06 13:19:04,29025.85,29026.47,29014.0,29014.5,29019.5,29020.0
2023-08-06 13:19:20,29027.23,29027.24,29014.0,29014.5,29019.5,29020.0
2023-08-06 13:19:36,29025.52,29026.46,29014.0,29014.5,29019.5,29020.0
2023-08-06 13:19:52,29025.96,29026.72,29014.0,29014.5,29019.5,29020.5
2023-08-06 13:20:08,29027.1,29027.78,29014.0,29014.5,29020.0,29020.5
2023-08-06 13:20:24,29026.73,29027.57,29014.0,29014.5,29020.0,29020.5
2023-08-06 13:20:39,29028.33,29028.44,29014.0,29014.5,29020.0,29020.5
2023-08-06 13:20:55,29028.92,29029.02,29014.0,29014.5,29020.0,29020.5
2023-08-06 13:21:11,29029.83,29030.07,29014.0,29014.5,29020.0,29020.5
2023-08-06 13:21:28,29032.0,29032.58,29014.0,29014.5,29020.0,29020.5
2023-08-06 13:21:44,29038.4,29038.97,29021.5,29022.0,29024.0,29024.5
2023-08-06 13:22:01,29034.82,29036.43,29018.0,29018.5,29025.5,29026.0
2023-08-06 13:22:17,29034.41,29034.78,29018.0,29018.5,29025.5,29026.0
2023-08-06 13:22:33,29034.77,29035.49,29018.0,29018.5,29025.5,29026.0
2023-08-06 13:22:50,29031.15,29031.28,29014.5,29015.0,29024.5,29025.0
2023-08-06 13:23:06,29029.03,29029.15,29014.5,29015.0,29017.5,29018.0
2023-08-06 13:23:22,29030.4,29030.97,29014.5,29015.0,29017.5,29018.0
2023-08-06 13:23:39,29029.0,29029.32,29014.5,29015.0,29017.5,29018.0
2023-08-06 13:23:56,29029.15,29029.75,29014.0,29014.5,29017.5,29018.0
2023-08-06 13:24:11,29028.0,29028.82,29014.0,29014.5,29017.5,29018.0
2023-08-06 13:24:27,29023.04,29023.84,29014.0,29014.5,29012.5,29013.0
2023-08-06 13:24:43,29023.15,29023.99,29014.0,29014.5,29012.5,29013.0
2023-08-06 13:24:59,29024.0,29024.48,29014.0,29014.5,29012.5,29013.0
2023-08-06 13:25:15,29025.44,29025.62,29014.0,29014.5,29013.0,29013.5
2023-08-06 13:25:31,29025.04,29025.47,29014.0,29014.5,29013.0,29013.5
2023-08-06 13:25:46,29024.94,29025.16,29014.0,29014.5,29013.0,29013.5
2023-08-06 13:26:02,29025.26,29025.99,29014.0,29014.5,29013.0,29013.5
2023-08-06 13:26:18,29024.98,29025.59,29014.0,29014.5,29013.0,29013.5
2023-08-06 13:26:34,29025.2,29025.5,29014.0,29014.5,29013.0,29013.5
2023-08-06 13:26:50,29025.82,29026.25,29014.0,29014.5,29013.0,29013.5
2023-08-06 13:27:06,29026.15,29026.53,29011.5,29012.0,29013.0,29013.5
2023-08-06 13:27:21,29023.22,29024.31,29010.0,29010.5,29012.5,29013.0
2023-08-06 13:27:37,29020.42,29020.89,29009.0,29009.5,29009.0,29009.5
2023-08-06 13:27:53,29020.13,29020.14,29009.0,29009.5,29008.5,29009.0
2023-08-06 13:28:09,29018.63,29018.7,29009.0,29009.5,29008.0,29008.5
2023-08-06 13:28:24,29019.3,29019.7,29009.0,29009.5,29007.5,29008.0
2023-08-06 13:28:40,29018.48,29019.11,29009.0,29009.5,29009.0,29009.5
2023-08-06 13:28:56,29018.03,29018.82,29009.0,29009.5,29008.0,29008.5
2023-08-06 13:29:12,29019.48,29020.22,29009.0,29009.5,29008.5,29009.0
2023-08-06 13:29:28,29018.72,29019.54,29009.0,29009.5,29008.5,29009.0
2023-08-06 13:29:43,29018.1,29018.69,29009.0,29009.5,29009.5,29010.0
2023-08-06 13:30:00,29018.65,29019.42,29009.0,29009.5,29008.5,29009.0
2023-08-06 13:30:16,29018.39,29019.01,29009.0,29009.5,29008.0,29008.5
2023-08-06 13:30:32,29023.25,29023.8,29009.0,29009.5,29008.5,29009.0
2023-08-06 13:30:48,29022.77,29023.11,29009.0,29009.5,29008.5,29009.0
2023-08-06 13:31:03,29022.1,29022.65,29009.0,29009.5,29008.5,29009.0
2023-08-06 13:31:19,29022.7,29022.8,29009.0,29009.5,29008.5,29009.0
2023-08-06 13:31:35,29021.58,29022.41,29009.0,29009.5,29008.5,29009.0
2023-08-06 13:31:51,29017.35,29017.78,29009.0,29009.5,29008.5,29009.0
2023-08-06 13:32:07,29019.52,29019.61,29009.0,29009.5,29008.5,29009.0
2023-08-06 13:32:23,29019.08,29019.09,29009.0,29009.5,29008.5,29009.0
2023-08-06 13:32:39,29021.03,29021.77,29009.0,29009.5,29008.5,29009.0
2023-08-06 13:32:55,29020.48,29021.22,29009.0,29009.5,29008.5,29009.0
2023-08-06 13:33:11,29022.37,29022.99,29009.0,29009.5,29008.5,29009.0
2023-08-06 13:33:26,29022.91,29023.12,29009.0,29009.5,29009.0,29009.5
2023-08-06 13:33:42,29022.94,29023.78,29009.0,29009.5,29009.5,29010.0
2023-08-06 13:33:58,29023.83,29024.65,29009.0,29009.5,29009.5,29010.0
2023-08-06 13:34:14,29023.35,29023.87,29009.0,29009.5,29010.0,29010.5
2023-08-06 13:34:30,29024.04,29024.98,29009.0,29009.5,29010.0,29010.5
2023-08-06 13:34:45,29024.18,29024.69,29009.0,29009.5,29010.0,29010.5
2023-08-06 13:35:01,29024.0,29024.49,29009.0,29009.5,29010.0,29010.5
2023-08-06 13:35:17,29023.4,29023.63,29009.0,29009.5,29010.0,29010.5
2023-08-06 13:35:33,29022.89,29023.43,29009.0,29009.5,29010.5,29011.0
2023-08-06 13:35:49,29022.52,29022.68,29009.0,29009.5,29010.5,29011.0
2023-08-06 13:36:04,29021.46,29021.92,29009.0,29009.5,29010.0,29010.5
2023-08-06 13:36:21,29021.49,29021.93,29009.0,29009.5,29010.0,29010.5
2023-08-06 13:36:38,29024.0,29024.77,29009.0,29009.5,29010.0,29010.5
2023-08-06 13:36:53,29023.63,29024.43,29009.0,29009.5,29010.0,29010.5
2023-08-06 13:37:09,29022.2,29022.86,29009.0,29009.5,29009.5,29010.0
2023-08-06 13:37:25,29022.73,29023.22,29009.0,29009.5,29008.5,29009.0
2023-08-06 13:37:41,29021.83,29022.61,29009.0,29009.5,29008.5,29009.0
2023-08-06 13:37:57,29022.07,29022.29,29009.0,29009.5,29008.5,29009.0
2023-08-06 13:38:13,29021.9,29022.2,29009.0,29009.5,29008.5,29009.0
2023-08-06 13:38:28,29021.93,29022.52,29009.0,29009.5,29008.5,29009.0
2023-08-06 13:38:44,29022.1,29022.74,29009.0,29009.5,29008.5,29009.0
2023-08-06 13:39:00,29022.74,29023.91,29009.0,29009.5,29008.0,29008.5
2023-08-06 13:39:16,29017.97,29018.84,29009.0,29009.5,29007.0,29007.5
2023-08-06 13:39:32,29017.59,29018.14,29009.0,29009.5,29007.0,29007.5
2023-08-06 13:39:49,29015.57,29016.86,29009.0,29009.5,29007.0,29007.5
2023-08-06 13:40:06,29018.4,29018.93,29009.0,29009.5,29007.0,29007.5
2023-08-06 13:40:22,29017.36,29017.9,29009.0,29009.5,29007.0,29007.5
2023-08-06 13:40:39,29014.77,29015.73,29009.0,29009.5,29007.0,29007.5
2023-08-06 13:40:55,29012.64,29013.74,29009.0,29009.5,29004.0,29004.5
2023-08-06 13:41:12,29011.02,29011.41,29009.0,29009.5,29004.0,29004.5
2023-08-06 13:41:28,29012.91,29013.59,29009.0,29009.5,29001.5,29002.0
2023-08-06 13:41:44,29016.02,29016.76,29009.0,29009.5,29002.5,29003.0
2023-08-06 13:42:00,29012.89,29013.69,29009.0,29009.5,29002.5,29003.0
2023-08-06 13:42:16,29019.72,29020.3,29009.0,29009.5,29005.0,29005.5
2023-08-06 13:42:33,29017.35,29017.77,29009.0,29009.5,29007.0,29007.5
2023-08-06 13:42:49,29016.57,29016.95,29009.0,29009.5,29007.0,29007.5
2023-08-06 13:43:05,29017.98,29018.55,29009.0,29009.5,29007.0,29007.5
2023-08-06 13:43:21,29014.7,29015.41,29009.0,29009.5,29007.0,29007.5
2023-08-06 13:43:37,29012.53,29013.58,29009.0,29009.5,29007.0,29007.5
2023-08-06 13:43:52,29015.06,29015.72,29009.0,29009.5,29007.0,29007.5
2023-08-06 13:44:08,29016.51,29016.92,29009.0,29009.5,29007.0,29007.5
2023-08-06 13:44:24,29018.43,29019.7,29009.0,29009.5,29008.0,29008.5
2023-08-06 13:44:40,29018.03,29018.92,29009.0,29009.5,29008.0,29008.5
2023-08-06 13:44:56,29020.0,29020.44,29009.0,29009.5,29008.0,29008.5
2023-08-06 13:45:12,29018.95,29019.44,29009.0,29009.5,29008.0,29008.5
2023-08-06 13:45:27,29019.67,29019.9,29009.0,29009.5,29008.0,29008.5
2023-08-06 13:45:43,29020.44,29021.42,29009.0,29009.5,29008.0,29008.5
2023-08-06 13:46:00,29019.18,29019.58,29009.0,29009.5,29008.0,29008.5
2023-08-06 13:46:16,29021.04,29021.44,29009.0,29009.5,29008.0,29008.5
2023-08-06 13:46:32,29020.28,29020.56,29009.0,29009.5,29008.0,29008.5
2023-08-06 13:46:48,29020.67,29021.56,29009.0,29009.5,29008.0,29008.5
2023-08-06 13:47:05,29025.56,29026.76,29009.0,29009.5,29014.5,29015.0
2023-08-06 13:47:21,29024.99,29025.76,29009.0,29009.5,29014.5,29015.0
2023-08-06 13:47:36,29028.0,29028.79,29009.0,29009.5,29015.0,29015.5
2023-08-06 13:47:53,29026.88,29027.32,29009.5,29010.0,29016.5,29017.0
2023-08-06 13:48:09,29028.46,29029.14,29009.5,29010.0,29016.0,29016.5
2023-08-06 13:48:25,29028.2,29028.63,29009.5,29010.0,29016.0,29016.5
2023-08-06 13:48:41,29026.52,29026.77,29009.5,29010.0,29016.0,29016.5
2023-08-06 13:48:57,29026.34,29026.61,29009.5,29010.0,29016.0,29016.5
2023-08-06 13:49:13,29025.08,29025.65,29009.5,29010.0,29016.0,29016.5
2023-08-06 13:49:29,29024.35,29025.0,29009.5,29010.0,29016.0,29016.5
2023-08-06 13:49:44,29023.01,29023.72,29009.5,29010.0,29016.0,29016.5
2023-08-06 13:50:00,29024.03,29025.01,29009.5,29010.0,29016.0,29016.5
2023-08-06 13:50:16,29023.93,29024.18,29009.5,29010.0,29016.0,29016.5
2023-08-06 13:50:32,29023.49,29024.0,29009.5,29010.0,29016.0,29016.5
2023-08-06 13:50:48,29023.66,29024.39,29009.5,29010.0,29015.0,29015.5
2023-08-06 13:51:03,29025.4,29025.74,29009.5,29010.0,29015.0,29015.5
2023-08-06 13:51:19,29022.01,29022.56,29009.5,29010.0,29013.5,29014.0
2023-08-06 13:51:35,29021.48,29022.61,29009.5,29010.0,29013.0,29013.5
2023-08-06 13:51:51,29023.4,29023.55,29009.5,29010.0,29012.5,29013.0
2023-08-06 13:52:07,29021.25,29022.63,29009.5,29010.0,29012.5,29013.0
2023-08-06 13:52:23,29020.72,29021.0,29009.5,29010.0,29012.0,29012.5
2023-08-06 13:52:38,29021.53,29023.11,29009.5,29010.0,29012.0,29012.5
2023-08-06 13:52:54,29018.99,29019.0,29009.5,29010.0,29012.0,29012.5
2023-08-06 13:53:10,29018.73,29018.97,29009.5,29010.0,29012.0,29012.5
2023-08-06 13:53:26,29019.0,29019.53,29009.5,29010.0,29012.0,29012.5
2023-08-06 13:53:42,29018.5,29018.96,29009.5,29010.0,29012.0,29012.5
2023-08-06 13:53:58,29018.42,29018.72,29009.5,29010.0,29012.0,29012.5
2023-08-06 13:54:13,29018.07,29018.73,29009.5,29010.0,29012.0,29012.5
2023-08-06 13:54:29,29020.41,29021.0,29009.5,29010.0,29012.0,29012.5
2023-08-06 13:54:45,29021.2,29021.68,29009.5,29010.0,29012.0,29012.5
2023-08-06 13:55:01,29020.84,29021.12,29009.5,29010.0,29012.0,29012.5
2023-08-06 13:55:17,29019.92,29020.65,29009.5,29010.0,29012.0,29012.5
2023-08-06 13:55:32,29019.05,29019.53,29009.5,29010.0,29012.0,29012.5
2023-08-06 13:55:48,29018.98,29019.57,29009.5,29010.0,29012.0,29012.5
2023-08-06 13:56:04,29018.03,29018.21,29009.5,29010.0,29011.0,29011.5
2023-08-06 13:56:20,29012.19,29013.03,29006.0,29006.5,29007.0,29007.5
2023-08-06 13:56:36,29013.56,29013.89,29006.0,29006.5,29004.5,29005.0
2023-08-06 13:56:52,29012.01,29012.81,29006.0,29006.5,29004.0,29004.5
2023-08-06 13:57:07,29012.77,29013.02,29006.0,29006.5,29004.0,29004.5
2023-08-06 13:57:23,29013.86,29013.98,29006.0,29006.5,29004.0,29004.5
2023-08-06 13:57:39,29011.95,29012.69,29006.0,29006.5,29003.5,29004.0
2023-08-06 13:57:55,29010.83,29011.55,29006.0,29006.5,29003.5,29004.0
2023-08-06 13:58:11,29012.61,29013.29,29006.0,29006.5,29003.5,29004.0
2023-08-06 13:58:26,29011.48,29012.0,29006.0,29006.5,29003.5,29004.0
2023-08-06 13:58:42,29011.01,29011.49,29006.0,29006.5,29003.5,29004.0
2023-08-06 13:58:58,29010.69,29011.05,29006.0,29006.5,29003.5,29004.0
2023-08-06 13:59:14,29010.72,29010.87,29006.0,29006.5,29003.5,29004.0
2023-08-06 13:59:30,29011.2,29011.85,29006.0,29006.5,29003.5,29004.0
2023-08-06 13:59:46,29011.82,29012.57,29006.0,29006.5,29003.5,29004.0
2023-08-06 14:00:02,29012.0,29012.74,29006.0,29006.5,29003.5,29004.0
2023-08-06 14:00:17,29005.15,29005.9,29000.0,29000.5,28998.0,28998.5
2023-08-06 14:00:33,29008.57,29009.35,29000.0,29000.5,28995.5,28996.0
2023-08-06 14:00:50,29012.95,29014.35,29000.0,29000.5,28996.0,28996.5
2023-08-06 14:01:07,29010.46,29011.14,29000.0,29000.5,28996.5,28997.0
2023-08-06 14:01:23,29008.68,29009.45,29000.0,29000.5,28996.0,28996.5
2023-08-06 14:01:39,29008.17,29008.55,29000.0,29000.5,28996.5,28997.0
2023-08-06 14:01:55,29011.12,29011.74,29000.0,29000.5,28996.5,28997.0
2023-08-06 14:02:11,29008.26,29008.59,29000.0,29000.5,28996.5,28997.0
2023-08-06 14:02:26,29010.77,29011.27,29000.0,29000.5,28996.5,28997.0
2023-08-06 14:02:42,29010.2,29011.0,29000.0,29000.5,28996.5,28997.0
2023-08-06 14:02:58,29011.49,29011.97,28999.5,29000.0,28996.5,28997.0
2023-08-06 14:03:14,29014.08,29014.29,28999.5,29000.0,28996.5,28997.0
2023-08-06 14:03:30,29015.93,29016.21,28999.5,29000.0,28997.5,28998.0
2023-08-06 14:03:45,29013.27,29013.53,28999.5,29000.0,28997.5,28998.0
2023-08-06 14:04:01,29014.42,29015.07,28999.5,29000.0,28997.5,28998.0
2023-08-06 14:04:17,29015.16,29015.61,28999.5,29000.0,28997.5,28998.0
2023-08-06 14:04:33,29014.85,29015.19,28999.5,29000.0,28997.5,28998.0
2023-08-06 14:04:49,29012.31,29012.94,28999.5,29000.0,28997.5,28998.0
2023-08-06 14:05:05,29011.43,29012.13,28999.5,29000.0,28997.5,28998.0
2023-08-06 14:05:20,29012.51,29013.17,28999.5,29000.0,28997.5,28998.0
2023-08-06 14:05:36,29012.54,29013.19,28999.5,29000.0,28997.5,28998.0
2023-08-06 14:05:52,29013.1,29013.59,28999.5,29000.0,28997.5,28998.0
2023-08-06 14:06:08,29012.67,29012.8,28999.5,29000.0,28997.5,28998.0
2023-08-06 14:06:24,29011.75,29012.17,28999.5,29000.0,28997.5,28998.0
2023-08-06 14:06:39,29012.5,29012.99,28999.5,29000.0,28997.5,28998.0
2023-08-06 14:06:55,29007.6,29008.15,28999.5,29000.0,28997.5,28998.0
2023-08-06 14:07:11,29007.95,29008.68,28999.5,29000.0,28997.0,28997.5
2023-08-06 14:07:27,29005.01,29005.95,28999.5,29000.0,28995.0,28995.5
2023-08-06 14:07:43,29008.05,29008.6,28999.5,29000.0,28993.0,28993.5
2023-08-06 14:07:58,29003.09,29004.21,28999.5,29000.0,28990.5,28991.0
2023-08-06 14:08:14,29002.29,29003.25,28995.5,28996.0,28989.0,28989.5
2023-08-06 14:08:30,29003.03,29003.95,28995.5,28996.0,28987.0,28987.5
2023-08-06 14:08:46,29005.47,29005.76,28995.5,28996.0,28987.0,28987.5
2023-08-06 14:09:02,29009.22,29009.96,28995.5,28996.0,28991.0,28991.5
2023-08-06 14:09:18,29008.32,29009.12,28995.5,28996.0,28993.5,28994.0
2023-08-06 14:09:33,29005.9,29006.2,28995.5,28996.0,28993.5,28994.0
2023-08-06 14:09:49,29004.43,29004.57,28995.5,28996.0,28992.0,28992.5
2023-08-06 14:10:05,29002.62,29003.08,28995.5,28996.0,28992.0,28992.5
2023-08-06 14:10:22,29000.93,29001.65,28995.5,28996.0,28992.0,28992.5
2023-08-06 14:10:38,29002.56,29003.23,28995.5,28996.0,28992.0,28992.5
2023-08-06 14:10:53,29003.97,29004.63,28995.5,28996.0,28992.0,28992.5
2023-08-06 14:11:09,29001.22,29001.51,28995.5,28996.0,28989.0,28989.5
2023-08-06 14:11:25,29003.09,29004.32,28992.5,28993.0,28987.5,28988.0
2023-08-06 14:11:42,29001.92,29002.02,28992.5,28993.0,28987.5,28988.0
2023-08-06 14:11:57,29001.01,29001.53,28992.5,28993.0,28988.5,28989.0
2023-08-06 14:12:13,28996.0,28996.66,28992.5,28993.0,28987.5,28988.0
2023-08-06 14:12:29,29001.34,29002.47,28992.5,28993.0,28987.5,28988.0
2023-08-06 14:12:45,29002.5,29002.91,28992.5,28993.0,28987.5,28988.0
2023-08-06 14:13:02,29002.07,29002.93,28992.5,28993.0,28987.5,28988.0
2023-08-06 14:13:17,28999.91,29000.53,28992.5,28993.0,28987.5,28988.0
2023-08-06 14:13:33,28998.01,28998.56,28992.5,28993.0,28987.5,28988.0
2023-08-06 14:13:49,28997.03,28997.55,28992.5,28993.0,28984.0,28984.5
2023-08-06 14:14:05,28997.36,28997.78,28992.5,28993.0,28984.0,28984.5
2023-08-06 14:14:21,28996.32,28996.87,28992.5,28993.0,28983.0,28983.5
2023-08-06 14:14:37,28998.51,28999.48,28985.0,28985.5,28982.0,28982.5
2023-08-06 14:14:53,28994.91,28995.75,28985.0,28985.5,28981.0,28981.5
2023-08-06 14:15:09,28994.0,28994.61,28985.0,28985.5,28980.5,28981.0
2023-08-06 14:15:25,28986.17,28987.36,28983.0,28983.5,28979.5,28980.0
2023-08-06 14:15:40,28998.15,28999.45,28985.0,28985.5,28980.5,28981.0
2023-08-06 14:15:57,29000.74,29001.6,28987.5,28988.0,28982.5,28983.0
2023-08-06 14:16:14,29007.2,29008.37,28994.0,28994.5,28991.0,28991.5
2023-08-06 14:16:31,29010.96,29013.31,28998.0,28998.5,28997.0,28997.5
2023-08-06 14:16:47,29012.32,29013.13,28998.0,28998.5,28997.5,28998.0
2023-08-06 14:17:04,29021.06,29022.0,29006.5,29007.0,29005.0,29005.5
2023-08-06 14:17:20,29028.17,29029.08,29009.5,29010.0,29011.5,29012.0
2023-08-06 14:17:37,29027.06,29027.98,29009.5,29010.0,29017.0,29017.5
2023-08-06 14:17:53,29022.93,29023.59,29009.5,29010.0,29013.5,29014.0
2023-08-06 14:18:09,29028.91,29029.1,29009.5,29010.0,29015.5,29016.0
2023-08-06 14:18:25,29022.38,29022.99,29009.5,29010.0,29015.0,29015.5
2023-08-06 14:18:41,29025.02,29025.86,29009.5,29010.0,29015.0,29015.5
2023-08-06 14:18:56,29024.28,29024.89,29009.5,29010.0,29015.0,29015.5
2023-08-06 14:19:12,29022.73,29023.39,29009.5,29010.0,29015.0,29015.5
2023-08-06 14:19:28,29019.19,29020.08,29009.5,29010.0,29013.0,29013.5
2023-08-06 14:19:44,29018.03,29018.99,29009.5,29010.0,29009.5,29010.0
2023-08-06 14:20:00,29018.53,29019.0,29009.5,29010.0,29009.0,29009.5
2023-08-06 14:20:15,29017.56,29018.09,29009.5,29010.0,29008.5,29009.0
2023-08-06 14:20:31,29014.45,29015.67,29005.0,29005.5,29008.0,29008.5
2023-08-06 14:20:47,29014.28,29014.9,29005.0,29005.5,29003.5,29004.0
2023-08-06 14:21:03,29013.78,29013.87,29005.0,29005.5,29002.0,29002.5
2023-08-06 14:21:19,29013.88,29013.98,29004.0,29004.5,29002.5,29003.0
2023-08-06 14:21:35,29021.65,29022.6,29009.5,29010.0,29008.0,29008.5
2023-08-06 14:21:51,29022.71,29023.11,29009.5,29010.0,29011.5,29012.0
2023-08-06 14:22:07,29028.36,29029.03,29012.5,29013.0,29015.5,29016.0
2023-08-06 14:22:23,29030.0,29030.99,29014.5,29015.0,29017.0,29017.5
2023-08-06 14:22:39,29032.72,29033.67,29014.5,29015.0,29019.5,29020.0
2023-08-06 14:22:56,29036.11,29037.0,29020.0,29020.5,29024.0,29024.5
2023-08-06 14:23:11,29044.79,29045.71,29029.5,29030.0,29032.5,29033.0
2023-08-06 14:23:27,29053.42,29053.9,29034.5,29035.0,29044.0,29044.5
2023-08-06 14:23:43,29050.51,29051.44,29040.5,29041.0,29042.0,29042.5
2023-08-06 14:23:59,29044.11,29044.81,29028.5,29029.0,29033.0,29033.5
2023-08-06 14:24:15,29039.0,29039.61,29029.5,29030.0,29032.5,29033.0
2023-08-06 14:24:31,29038.17,29038.76,29026.0,29026.5,29032.0,29032.5
2023-08-06 14:24:46,29039.45,29040.41,29026.0,29026.5,29028.0,29028.5
2023-08-06 14:25:02,29043.63,29044.35,29026.0,29026.5,29029.5,29030.0
2023-08-06 14:25:19,29047.43,29048.13,29028.5,29029.0,29036.0,29036.5
2023-08-06 14:25:35,29047.3,29047.98,29028.5,29029.0,29036.0,29036.5
2023-08-06 14:25:50,29047.05,29048.0,29029.5,29030.0,29036.0,29036.5
2023-08-06 14:26:06,29045.36,29045.73,29030.5,29031.0,29036.0,29036.5
2023-08-06 14:26:22,29046.68,29047.64,29030.5,29031.0,29036.0,29036.5
2023-08-06 14:26:38,29040.35,29040.99,29030.5,29031.0,29033.0,29033.5
2023-08-06 14:26:54,29037.22,29037.96,29028.0,29028.5,29030.5,29031.0
2023-08-06 14:27:09,29036.24,29036.72,29028.0,29028.5,29026.0,29026.5
2023-08-06 14:27:25,29036.54,29036.85,29028.0,29028.5,29026.0,29026.5
2023-08-06 14:27:41,29037.58,29038.38,29028.0,29028.5,29026.5,29027.0
2023-08-06 14:27:57,29036.06,29037.09,29028.0,29028.5,29026.0,29026.5
2023-08-06 14:28:13,29030.21,29031.19,29019.0,29019.5,29026.0,29026.5
2023-08-06 14:28:29,29030.99,29031.91,29019.0,29019.5,29026.0,29026.5
2023-08-06 14:28:44,29031.05,29032.0,29019.0,29019.5,29022.5,29023.0
2023-08-06 14:29:00,29029.69,29029.7,29019.0,29019.5,29022.5,29023.0
2023-08-06 14:29:16,29036.66,29037.51,29019.5,29020.0,29026.0,29026.5
2023-08-06 14:29:32,29031.0,29031.62,29019.5,29020.0,29023.0,29023.5
2023-08-06 14:29:48,29034.08,29034.87,29019.5,29020.0,29024.0,29024.5
2023-08-06 14:30:03,29034.97,29035.8,29019.5,29020.0,29023.5,29024.0
2023-08-06 14:30:20,29033.01,29033.64,29019.5,29020.0,29023.5,29024.0
2023-08-06 14:30:36,29034.38,29035.54,29019.5,29020.0,29023.5,29024.0
2023-08-06 14:30:52,29030.56,29031.43,29019.5,29020.0,29023.0,29023.5
2023-08-06 14:31:08,29035.9,29036.49,29019.5,29020.0,29024.0,29024.5
2023-08-06 14:31:23,29037.39,29037.99,29019.5,29020.0,29024.0,29024.5
2023-08-06 14:31:39,29035.83,29036.51,29019.5,29020.0,29024.0,29024.5
2023-08-06 14:31:55,29036.61,29037.1,29022.0,29022.5,29025.0,29025.5
2023-08-06 14:32:11,29032.84,29033.59,29022.0,29022.5,29025.0,29025.5
2023-08-06 14:32:28,29033.9,29034.0,29022.0,29022.5,29024.0,29024.5
2023-08-06 14:32:43,29035.79,29037.0,29022.0,29022.5,29025.0,29025.5
2023-08-06 14:32:59,29035.01,29035.87,29022.0,29022.5,29025.0,29025.5
2023-08-06 14:33:15,29034.94,29035.42,29022.0,29022.5,29025.0,29025.5
2023-08-06 14:33:31,29036.28,29036.93,29022.0,29022.5,29025.0,29025.5
2023-08-06 14:33:47,29035.0,29035.24,29022.0,29022.5,29025.0,29025.5
2023-08-06 14:34:02,29034.84,29035.16,29022.0,29022.5,29024.5,29025.0
2023-08-06 14:34:18,29035.19,29035.98,29022.0,29022.5,29024.5,29025.0
2023-08-06 14:34:34,29035.84,29036.32,29022.0,29022.5,29024.5,29025.0
2023-08-06 14:34:50,29036.66,29036.92,29022.0,29022.5,29025.0,29025.5
2023-08-06 14:35:06,29038.02,29038.18,29022.0,29022.5,29025.5,29026.0
2023-08-06 14:35:22,29039.87,29040.4,29022.0,29022.5,29025.5,29026.0
2023-08-06 14:35:38,29041.31,29041.99,29022.0,29022.5,29025.5,29026.0
2023-08-06 14:35:53,29042.07,29042.96,29022.5,29023.0,29028.0,29028.5
2023-08-06 14:36:09,29043.02,29043.87,29024.0,29024.5,29028.0,29028.5
2023-08-06 14:36:25,29038.07,29038.7,29024.0,29024.5,29027.5,29028.0
2023-08-06 14:36:41,29036.93,29037.58,29024.0,29024.5,29026.5,29027.0
2023-08-06 14:36:57,29036.95,29037.49,29024.0,29024.5,29027.0,29027.5
2023-08-06 14:37:12,29037.15,29037.39,29024.0,29024.5,29027.0,29027.5
2023-08-06 14:37:28,29034.26,29034.81,29024.0,29024.5,29027.0,29027.5
2023-08-06 14:37:45,29036.28,29036.97,29024.0,29024.5,29026.0,29027.0
2023-08-06 14:38:01,29035.89,29036.93,29024.0,29024.5,29024.5,29025.0
2023-08-06 14:38:16,29035.21,29035.75,29024.0,29024.5,29024.5,29025.0
2023-08-06 14:38:32,29034.11,29034.99,29024.0,29024.5,29024.0,29024.5
2023-08-06 14:38:48,29036.23,29036.49,29024.0,29024.5,29024.5,29025.0
2023-08-06 14:39:04,29034.21,29034.93,29024.0,29024.5,29024.0,29024.5
2023-08-06 14:39:20,29034.43,29035.25,29024.0,29024.5,29024.5,29025.0
2023-08-06 14:39:35,29034.45,29034.99,29024.0,29024.5,29024.5,29025.0
2023-08-06 14:39:51,29033.12,29033.6,29024.0,29024.5,29024.0,29024.5
2023-08-06 14:40:08,29032.36,29033.26,29024.0,29024.5,29024.0,29024.5
2023-08-06 14:40:24,29032.78,29033.21,29024.0,29024.5,29024.0,29024.5
2023-08-06 14:40:41,29031.44,29032.51,29024.0,29024.5,29024.0,29024.5
2023-08-06 14:40:58,29033.02,29033.99,29024.0,29024.5,29024.0,29024.5
2023-08-06 14:41:13,29032.02,29032.36,29024.0,29024.5,29024.0,29024.5
2023-08-06 14:41:29,29033.06,29033.95,29024.0,29024.5,29024.0,29024.5
2023-08-06 14:41:45,29030.18,29030.3,29024.0,29024.5,29023.5,29024.0
2023-08-06 14:42:01,29028.98,29029.95,29024.0,29024.5,29021.0,29021.5
2023-08-06 14:42:17,29030.61,29031.69,29024.0,29024.5,29021.0,29021.5
2023-08-06 14:42:33,29029.78,29030.26,29024.0,29024.5,29021.0,29021.5
2023-08-06 14:42:48,29029.14,29029.98,29024.0,29024.5,29021.0,29021.5
2023-08-06 14:43:04,29029.56,29030.01,29024.0,29024.5,29021.5,29022.0
2023-08-06 14:43:20,29030.3,29030.51,29024.0,29024.5,29021.5,29022.0
2023-08-06 14:43:36,29029.38,29030.11,29024.0,29024.5,29021.5,29022.0
2023-08-06 14:43:52,29027.31,29027.93,29024.0,29024.5,29020.0,29020.5
2023-08-06 14:44:08,29026.1,29026.87,29024.0,29024.5,29019.0,29019.5
2023-08-06 14:44:24,29023.08,29023.89,29018.0,29018.5,29014.5,29015.0
2023-08-06 14:44:39,29024.06,29024.7,29018.0,29018.5,29014.5,29015.0
2023-08-06 14:44:55,29024.43,29024.8,29018.0,29018.5,29014.5,29015.0
2023-08-06 14:45:11,29024.76,29025.09,29018.0,29018.5,29013.5,29014.0
2023-08-06 14:45:28,29021.7,29022.7,29018.0,29018.5,29013.5,29014.0
2023-08-06 14:45:44,29022.55,29023.2,29018.0,29018.5,29013.0,29013.5
2023-08-06 14:46:00,29027.69,29028.96,29018.0,29018.5,29013.0,29013.5
2023-08-06 14:46:16,29026.12,29027.42,29018.0,29018.5,29014.0,29014.5
2023-08-06 14:46:33,29026.2,29026.73,29018.0,29018.5,29014.0,29014.5
2023-08-06 14:46:49,29024.44,29025.16,29018.0,29018.5,29014.0,29014.5
2023-08-06 14:47:05,29026.41,29027.12,29018.0,29018.5,29014.0,29014.5
2023-08-06 14:47:22,29033.27,29033.99,29018.0,29018.5,29017.0,29017.5
2023-08-06 14:47:39,29032.7,29033.16,29018.0,29018.5,29018.0,29018.5
2023-08-06 14:47:55,29035.44,29035.88,29018.0,29018.5,29021.0,29021.5
2023-08-06 14:48:12,29029.25,29031.99,29018.0,29018.5,29021.0,29021.5
2023-08-06 14:48:27,29028.01,29028.74,29018.0,29018.5,29021.0,29021.5
2023-08-06 14:48:43,29026.3,29027.82,29018.0,29018.5,29017.0,29018.0
2023-08-06 14:48:59,29022.8,29023.78,29017.0,29017.5,29013.0,29013.5
2023-08-06 14:49:15,29024.76,29025.55,29017.0,29017.5,29013.0,29013.5
2023-08-06 14:49:31,29023.7,29024.27,29017.0,29017.5,29013.0,29013.5
2023-08-06 14:49:47,29023.58,29023.99,29017.0,29017.5,29013.0,29013.5
2023-08-06 14:50:03,29022.97,29023.47,29017.0,29017.5,29010.0,29010.5
2023-08-06 14:50:19,29020.53,29020.76,29017.0,29017.5,29009.0,29009.5
2023-08-06 14:50:35,29022.14,29022.49,29017.0,29017.5,29009.0,29009.5
2023-08-06 14:50:50,29023.38,29024.09,29017.0,29017.5,29009.0,29009.5
2023-08-06 14:51:06,29025.05,29025.52,29017.0,29017.5,29010.0,29010.5
2023-08-06 14:51:22,29024.93,29024.94,29017.0,29017.5,29010.0,29010.5
2023-08-06 14:51:38,29022.12,29022.33,29017.0,29017.5,29010.0,29010.5
2023-08-06 14:51:54,29022.59,29022.69,29017.0,29017.5,29010.0,29010.5
2023-08-06 14:52:09,29022.11,29022.86,29017.0,29017.5,29010.0,29010.5
2023-08-06 14:52:25,29026.41,29027.53,29017.0,29017.5,29010.5,29011.0
2023-08-06 14:52:41,29026.01,29026.5,29017.0,29017.5,29010.5,29011.0
2023-08-06 14:52:57,29025.77,29026.17,29017.0,29017.5,29010.5,29011.0
2023-08-06 14:53:13,29026.54,29027.11,29017.0,29017.5,29010.5,29011.0
2023-08-06 14:53:28,29028.92,29029.33,29017.0,29017.5,29010.5,29011.0
2023-08-06 14:53:44,29032.0,29033.28,29017.0,29017.5,29017.5,29018.0
2023-08-06 14:54:00,29033.02,29033.75,29017.0,29017.5,29018.0,29018.5
2023-08-06 14:54:16,29033.46,29033.96,29017.0,29017.5,29018.5,29019.0
2023-08-06 14:54:32,29033.22,29034.53,29017.0,29017.5,29018.5,29019.0
2023-08-06 14:54:47,29032.68,29033.04,29017.0,29017.5,29019.5,29020.0
2023-08-06 14:55:03,29033.26,29033.89,29017.0,29017.5,29019.5,29020.0
2023-08-06 14:55:19,29030.81,29031.35,29017.0,29017.5,29019.5,29020.0
2023-08-06 14:55:35,29032.1,29032.57,29017.0,29017.5,29019.5,29020.0
2023-08-06 14:55:50,29035.1,29035.26,29017.0,29017.5,29019.5,29020.0
2023-08-06 14:56:06,29034.31,29034.81,29017.0,29017.5,29019.5,29020.0
2023-08-06 14:56:22,29032.02,29032.9,29017.0,29017.5,29020.0,29020.5
2023-08-06 14:56:38,29032.39,29033.01,29017.0,29017.5,29020.0,29020.5
2023-08-06 14:56:54,29032.86,29033.53,29017.0,29017.5,29020.0,29020.5
2023-08-06 14:57:10,29032.45,29032.61,29017.0,29017.5,29020.0,29020.5
2023-08-06 14:57:26,29032.85,29033.28,29017.0,29017.5,29020.0,29020.5
2023-08-06 14:57:41,29032.36,29033.39,29017.0,29017.5,29020.0,29020.5
2023-08-06 14:57:57,29033.97,29034.68,29017.0,29017.5,29020.0,29020.5
2023-08-06 14:58:13,29032.86,29033.17,29017.0,29017.5,29020.0,29020.5
2023-08-06 14:58:29,29033.55,29034.22,29017.0,29017.5,29020.5,29021.0
2023-08-06 14:58:45,29034.8,29035.12,29017.0,29017.5,29021.5,29022.0
2023-08-06 14:59:01,29034.12,29034.98,29017.5,29018.0,29021.5,29022.0
2023-08-06 14:59:16,29033.41,29033.85,29017.5,29018.0,29021.5,29022.0
2023-08-06 14:59:32,29034.09,29034.91,29017.5,29018.0,29021.5,29022.0
2023-08-06 14:59:48,29032.04,29032.89,29017.5,29018.0,29022.0,29022.5
2023-08-06 15:00:05,29032.3,29033.55,29017.5,29018.0,29021.5,29022.0
2023-08-06 15:00:21,29036.15,29037.15,29017.5,29018.0,29024.0,29024.5
2023-08-06 15:00:37,29035.43,29035.89,29017.5,29018.0,29024.0,29024.5
2023-08-06 15:00:54,29036.97,29037.72,29018.0,29018.5,29024.0,29024.5
2023-08-06 15:01:10,29037.1,29037.95,29022.0,29022.5,29024.0,29024.5
2023-08-06 15:01:26,29036.36,29036.88,29023.0,29023.5,29024.0,29024.5
2023-08-06 15:01:42,29035.01,29035.95,29023.0,29023.5,29024.0,29024.5
2023-08-06 15:01:58,29033.0,29033.81,29023.0,29023.5,29024.0,29024.5
2023-08-06 15:02:14,29032.64,29033.19,29023.0,29023.5,29024.0,29024.5
2023-08-06 15:02:30,29032.61,29033.59,29023.0,29023.5,29023.0,29023.5
2023-08-06 15:02:46,29032.9,29033.57,29023.0,29023.5,29022.5,29023.0
2023-08-06 15:03:01,29033.28,29033.52,29023.0,29023.5,29022.5,29023.0
2023-08-06 15:03:17,29033.37,29034.1,29023.0,29023.5,29022.5,29023.0
2023-08-06 15:03:33,29036.8,29037.75,29023.0,29023.5,29022.5,29023.0
2023-08-06 15:03:50,29036.15,29036.39,29023.0,29023.5,29022.5,29023.0
2023-08-06 15:04:05,29035.67,29036.27,29023.0,29023.5,29022.5,29023.0
2023-08-06 15:04:21,29033.85,29034.79,29023.0,29023.5,29022.5,29023.0
2023-08-06 15:04:37,29033.64,29034.47,29023.0,29023.5,29022.5,29023.0
2023-08-06 15:04:53,29034.52,29034.66,29023.0,29023.5,29023.0,29023.5
2023-08-06 15:05:09,29034.78,29035.16,29023.0,29023.5,29022.5,29023.0
2023-08-06 15:05:24,29035.27,29035.81,29023.0,29023.5,29022.5,29023.0
2023-08-06 15:05:40,29035.09,29035.54,29023.0,29023.5,29023.0,29023.5
2023-08-06 15:05:56,29036.23,29036.55,29023.0,29023.5,29023.0,29023.5
2023-08-06 15:06:12,29037.17,29037.74,29023.0,29023.5,29023.0,29023.5
2023-08-06 15:06:29,29040.88,29041.79,29025.0,29025.5,29023.5,29024.0
2023-08-06 15:06:45,29042.36,29043.12,29025.0,29025.5,29027.0,29027.5
2023-08-06 15:07:02,29041.17,29041.99,29029.0,29029.5,29031.0,29031.5
2023-08-06 15:07:18,29041.58,29042.42,29029.0,29029.5,29031.0,29031.5
2023-08-06 15:07:34,29040.5,29041.31,29029.0,29029.5,29031.0,29031.5
2023-08-06 15:07:49,29042.0,29042.04,29029.0,29029.5,29029.5,29030.0
2023-08-06 15:08:05,29042.68,29043.45,29029.0,29029.5,29030.0,29030.5
2023-08-06 15:08:21,29042.57,29042.83,29029.0,29029.5,29030.0,29030.5
2023-08-06 15:08:37,29044.07,29044.51,29029.0,29029.5,29030.0,29030.5
2023-08-06 15:08:53,29044.09,29044.37,29029.0,29029.5,29030.5,29031.0
2023-08-06 15:09:10,29042.69,29043.26,29029.0,29029.5,29031.0,29031.5
2023-08-06 15:09:26,29040.22,29040.81,29029.0,29029.5,29031.0,29031.5
2023-08-06 15:09:42,29038.02,29038.75,29029.0,29029.5,29030.0,29030.5
2023-08-06 15:09:57,29038.9,29039.28,29029.0,29029.5,29030.0,29030.5
2023-08-06 15:10:13,29039.25,29039.5,29029.0,29029.5,29030.0,29030.5
2023-08-06 15:10:29,29042.3,29043.16,29029.0,29029.5,29030.0,29030.5
2023-08-06 15:10:45,29041.2,29041.9,29029.0,29029.5,29030.5,29031.0
2023-08-06 15:11:01,29041.42,29041.93,29029.0,29029.5,29030.5,29031.0
2023-08-06 15:11:17,29040.63,29041.32,29029.0,29029.5,29030.5,29031.0
2023-08-06 15:11:32,29041.02,29041.35,29029.0,29029.5,29030.5,29031.0
2023-08-06 15:11:48,29040.85,29041.35,29029.0,29029.5,29030.5,29031.0
2023-08-06 15:12:04,29040.0,29040.39,29029.0,29029.5,29030.5,29031.0
2023-08-06 15:12:20,29040.1,29040.38,29029.0,29029.5,29030.5,29031.0
2023-08-06 15:12:36,29039.88,29040.31,29029.0,29029.5,29030.5,29031.0
2023-08-06 15:12:51,29042.33,29042.54,29029.0,29029.5,29030.5,29031.0
2023-08-06 15:13:07,29043.61,29043.62,29029.0,29029.5,29030.5,29031.0
2023-08-06 15:13:24,29042.67,29042.81,29029.0,29029.5,29030.5,29031.0
2023-08-06 15:13:40,29041.23,29041.25,29029.0,29029.5,29030.5,29031.0
2023-08-06 15:13:55,29044.67,29045.29,29029.0,29029.5,29030.5,29031.0
2023-08-06 15:14:12,29044.62,29044.67,29029.0,29029.5,29031.5,29032.0
2023-08-06 15:14:29,29043.06,29043.97,29029.0,29029.5,29032.0,29032.5
2023-08-06 15:14:44,29044.66,29044.67,29029.0,29029.5,29032.0,29032.5
2023-08-06 15:15:00,29045.69,29046.16,29029.0,29029.5,29032.0,29032.5
2023-08-06 15:15:17,29047.0,29047.69,29032.0,29032.5,29036.5,29037.0
2023-08-06 15:15:32,29045.77,29046.43,29032.0,29032.5,29036.0,29036.5
2023-08-06 15:15:48,29045.63,29046.06,29032.0,29032.5,29036.0,29036.5
2023-08-06 15:16:04,29046.12,29046.65,29032.0,29032.5,29036.0,29036.5
2023-08-06 15:16:20,29043.0,29043.02,29032.0,29032.5,29035.0,29035.5
2023-08-06 15:16:36,29043.18,29043.64,29032.0,29032.5,29035.0,29035.5
2023-08-06 15:16:51,29042.67,29043.16,29032.0,29032.5,29035.0,29035.5
2023-08-06 15:17:07,29042.92,29043.46,29032.0,29032.5,29035.0,29035.5
2023-08-06 15:17:23,29042.93,29043.84,29032.0,29032.5,29033.5,29035.5
2023-08-06 15:17:39,29042.65,29042.99,29032.0,29032.5,29034.0,29034.5
2023-08-06 15:17:55,29042.46,29043.37,29032.0,29032.5,29034.0,29034.5
2023-08-06 15:18:10,29042.49,29043.36,29032.0,29032.5,29034.5,29035.0
2023-08-06 15:18:26,29043.0,29043.28,29032.0,29032.5,29034.0,29034.5
2023-08-06 15:18:42,29038.01,29038.89,29032.0,29032.5,29034.0,29034.5
2023-08-06 15:18:58,29039.09,29039.1,29032.0,29032.5,29031.0,29031.5
2023-08-06 15:19:14,29037.91,29038.09,29032.0,29032.5,29029.0,29029.5
2023-08-06 15:19:30,29036.87,29037.71,29032.0,29032.5,29028.5,29029.0
2023-08-06 15:19:45,29033.32,29033.75,29029.0,29029.5,29023.0,29023.5
2023-08-06 15:20:01,29034.12,29034.73,29029.0,29029.5,29023.0,29023.5
2023-08-06 15:20:18,29034.04,29034.32,29029.0,29029.5,29023.0,29023.5
2023-08-06 15:20:34,29034.96,29035.49,29029.0,29029.5,29023.0,29023.5
2023-08-06 15:20:50,29034.09,29034.65,29029.0,29029.5,29023.0,29023.5
2023-08-06 15:21:05,29034.07,29034.66,29029.0,29029.5,29022.5,29023.0
2023-08-06 15:21:21,29032.89,29033.64,29029.0,29029.5,29021.5,29022.0
2023-08-06 15:21:37,29033.2,29033.69,29029.0,29029.5,29021.5,29022.0
2023-08-06 15:21:53,29032.07,29032.74,29024.5,29025.0,29021.5,29022.0
2023-08-06 15:22:09,29040.7,29041.11,29026.0,29026.5,29028.5,29029.0
2023-08-06 15:22:24,29041.59,29041.6,29026.0,29026.5,29029.0,29029.5
2023-08-06 15:22:40,29044.0,29044.26,29026.5,29027.0,29030.0,29030.5
2023-08-06 15:22:56,29039.62,29039.63,29026.5,29027.0,29030.0,29030.5
2023-08-06 15:23:13,29040.08,29040.17,29026.5,29027.0,29030.0,29030.5
2023-08-06 15:23:29,29039.03,29039.45,29026.5,29027.0,29029.0,29029.5
2023-08-06 15:23:44,29038.42,29038.97,29026.5,29027.0,29027.0,29027.5
2023-08-06 15:24:00,29039.23,29039.74,29026.5,29027.0,29027.5,29028.0
2023-08-06 15:24:16,29038.88,29039.52,29026.5,29027.0,29027.0,29027.5
2023-08-06 15:24:32,29040.56,29041.26,29026.5,29027.0,29027.5,29028.0
2023-08-06 15:24:48,29040.95,29041.58,29026.5,29027.0,29027.5,29028.0
2023-08-06 15:25:04,29040.25,29040.73,29026.5,29027.0,29027.5,29028.0
2023-08-06 15:25:20,29040.2,29040.8,29026.5,29027.0,29027.5,29028.0
2023-08-06 15:25:35,29040.03,29040.68,29026.5,29027.0,29027.0,29027.5
2023-08-06 15:25:51,29039.32,29040.09,29026.5,29027.0,29027.0,29027.5
2023-08-06 15:26:07,29039.48,29040.13,29026.5,29027.0,29027.5,29028.0
2023-08-06 15:26:23,29039.29,29039.75,29026.5,29027.0,29027.5,29028.0
2023-08-06 15:26:39,29038.44,29039.12,29026.5,29027.0,29027.5,29028.0
2023-08-06 15:26:54,29039.68,29039.69,29026.5,29027.0,29027.5,29028.0
2023-08-06 15:27:10,29038.65,29039.13,29026.5,29027.0,29027.5,29028.0
2023-08-06 15:27:26,29038.6,29039.0,29026.5,29027.0,29027.0,29027.5
2023-08-06 15:27:42,29036.74,29037.53,29026.5,29027.0,29027.0,29027.5
2023-08-06 15:27:57,29035.47,29036.35,29026.5,29027.0,29026.0,29026.5
2023-08-06 15:28:13,29034.42,29034.97,29026.5,29027.0,29022.5,29023.0
2023-08-06 15:28:29,29035.57,29035.99,29026.5,29027.0,29022.5,29023.0
2023-08-06 15:28:45,29033.02,29033.64,29026.5,29027.0,29022.5,29023.0
2023-08-06 15:29:01,29033.09,29033.96,29026.5,29027.0,29022.0,29022.5
2023-08-06 15:29:17,29031.63,29032.55,29026.5,29027.0,29021.5,29022.0
2023-08-06 15:29:33,29032.83,29032.93,29026.5,29027.0,29021.5,29022.0
2023-08-06 15:29:48,29032.01,29032.7,29023.0,29023.5,29021.5,29022.0
2023-08-06 15:30:04,29032.45,29033.22,29023.0,29023.5,29021.5,29022.0
2023-08-06 15:30:20,29029.64,29030.03,29023.0,29023.5,29021.0,29021.5
2023-08-06 15:30:37,29027.65,29028.29,29019.0,29019.5,29020.0,29020.5
2023-08-06 15:30:53,29030.34,29031.17,29019.0,29019.5,29019.5,29020.0
2023-08-06 15:31:09,29030.36,29030.64,29019.0,29019.5,29019.5,29020.0
2023-08-06 15:31:25,29030.3,29030.99,29019.0,29019.5,29019.5,29020.0
2023-08-06 15:31:41,29028.82,29029.0,29019.0,29019.5,29019.5,29020.0
2023-08-06 15:31:57,29030.41,29030.81,29019.0,29019.5,29019.5,29020.0
2023-08-06 15:32:13,29028.94,29029.37,29019.0,29019.5,29019.5,29020.0
2023-08-06 15:32:30,29026.02,29026.94,29019.0,29019.5,29019.0,29019.5
2023-08-06 15:32:46,29025.29,29025.81,29019.0,29019.5,29019.0,29019.5
2023-08-06 15:33:03,29026.3,29026.85,29019.0,29019.5,29019.0,29019.5
2023-08-06 15:33:19,29027.55,29027.71,29019.0,29019.5,29019.0,29019.5
2023-08-06 15:33:36,29026.94,29027.14,29019.0,29019.5,29018.5,29019.0
2023-08-06 15:33:53,29028.12,29028.97,29019.0,29019.5,29018.5,29019.0
2023-08-06 15:34:09,29028.99,29029.75,29019.0,29019.5,29019.0,29019.5
2023-08-06 15:34:25,29027.01,29027.97,29019.0,29019.5,29019.0,29019.5
2023-08-06 15:34:42,29027.41,29027.78,29019.0,29019.5,29019.0,29019.5
2023-08-06 15:34:58,29027.94,29028.8,29019.0,29019.5,29019.0,29019.5
2023-08-06 15:35:14,29029.86,29030.5,29019.0,29019.5,29019.0,29019.5
2023-08-06 15:35:30,29029.42,29029.52,29019.0,29019.5,29019.0,29019.5
2023-08-06 15:35:46,29029.04,29029.9,29019.0,29019.5,29019.0,29019.5
2023-08-06 15:36:02,29028.59,29029.68,29019.0,29019.5,29019.0,29019.5
2023-08-06 15:36:18,29029.54,29030.48,29019.0,29019.5,29019.0,29019.5
2023-08-06 15:36:33,29031.67,29031.84,29019.0,29019.5,29019.0,29019.5
2023-08-06 15:36:50,29031.07,29031.99,29019.0,29019.5,29019.5,29020.0
2023-08-06 15:37:07,29030.98,29031.65,29019.0,29019.5,29019.5,29020.0
2023-08-06 15:37:23,29030.75,29031.1,29019.0,29019.5,29019.5,29020.0
2023-08-06 15:37:39,29028.84,29029.18,29019.0,29019.5,29019.5,29020.0
2023-08-06 15:37:55,29030.65,29031.48,29019.0,29019.5,29019.5,29020.0
2023-08-06 15:38:11,29031.74,29032.27,29019.0,29019.5,29019.5,29020.0
2023-08-06 15:38:28,29030.71,29031.44,29019.0,29019.5,29020.0,29020.5
2023-08-06 15:38:44,29032.06,29032.67,29019.0,29019.5,29020.0,29020.5
2023-08-06 15:39:01,29033.85,29034.16,29019.0,29019.5,29022.5,29023.0
2023-08-06 15:39:17,29026.34,29026.9,29019.0,29019.5,29022.5,29023.0
2023-08-06 15:39:33,29028.47,29029.13,29019.0,29019.5,29019.0,29019.5
2023-08-06 15:39:49,29027.93,29028.83,29019.0,29019.5,29018.5,29019.0
2023-08-06 15:40:05,29027.35,29028.35,29019.0,29019.5,29018.5,29019.0
2023-08-06 15:40:20,29027.23,29027.7,29019.0,29019.5,29018.5,29019.0
2023-08-06 15:40:36,29026.71,29027.4,29019.0,29019.5,29017.5,29018.0
2023-08-06 15:40:52,29026.75,29027.65,29019.0,29019.5,29016.5,29017.0
2023-08-06 15:41:08,29028.12,29028.75,29019.0,29019.5,29016.5,29017.0
2023-08-06 15:41:24,29026.0,29026.75,29019.0,29019.5,29016.5,29017.0
2023-08-06 15:41:40,29026.39,29027.06,29019.0,29019.5,29016.5,29017.0
2023-08-06 15:41:56,29026.86,29026.87,29019.0,29019.5,29016.5,29017.0
2023-08-06 15:42:12,29027.0,29027.61,29019.0,29019.5,29016.5,29017.0
2023-08-06 15:42:29,29026.05,29026.6,29019.0,29019.5,29016.5,29017.0
2023-08-06 15:42:44,29026.0,29026.29,29019.0,29019.5,29016.5,29017.0
2023-08-06 15:43:00,29024.36,29025.21,29019.0,29019.5,29016.5,29017.0
2023-08-06 15:43:17,29025.33,29025.63,29019.0,29019.5,29016.5,29017.0
2023-08-06 15:43:33,29025.31,29025.77,29019.0,29019.5,29016.5,29017.0
2023-08-06 15:43:50,29024.23,29024.67,29019.0,29019.5,29016.5,29017.0
2023-08-06 15:44:07,29024.79,29025.42,29019.0,29019.5,29016.5,29017.0
2023-08-06 15:44:23,29022.86,29023.73,29019.0,29019.5,29016.5,29017.0
2023-08-06 15:44:40,29022.75,29022.92,29019.0,29019.5,29016.5,29017.0
2023-08-06 15:44:56,29018.95,29019.71,29013.5,29014.0,29015.0,29015.5
2023-08-06 15:45:13,29016.07,29016.35,29009.5,29010.0,29007.0,29007.5
2023-08-06 15:45:29,29015.05,29016.06,29009.5,29010.0,29006.0,29006.5
2023-08-06 15:45:45,29019.43,29019.84,29009.5,29010.0,29008.0,29008.5
2023-08-06 15:46:00,29019.41,29019.99,29009.5,29010.0,29008.0,29008.5
2023-08-06 15:46:16,29015.15,29015.89,29009.5,29010.0,29006.0,29006.5
2023-08-06 15:46:32,29015.23,29016.33,29009.5,29010.0,29005.5,29006.0
2023-08-06 15:46:48,29012.38,29013.31,29009.5,29010.0,29005.0,29005.5
2023-08-06 15:47:04,29014.0,29014.29,29009.5,29010.0,29005.0,29005.5
2023-08-06 15:47:21,29013.05,29013.79,29009.5,29010.0,29004.0,29004.5
2023-08-06 15:47:37,29012.21,29012.94,29009.5,29010.0,29004.0,29004.5
2023-08-06 15:47:53,29010.4,29010.98,29005.5,29006.0,29001.0,29001.5
2023-08-06 15:48:09,29014.3,29014.85,29005.5,29006.0,29003.0,29003.5
2023-08-06 15:48:25,29010.99,29011.87,29005.5,29006.0,29003.0,29003.5
2023-08-06 15:48:42,29011.35,29011.84,29005.5,29006.0,29003.0,29003.5
2023-08-06 15:48:58,29011.83,29012.4,29005.5,29006.0,29002.0,29002.5
2023-08-06 15:49:14,29010.46,29011.36,29005.5,29006.0,29002.0,29002.5
2023-08-06 15:49:30,29011.07,29011.73,29005.5,29006.0,29002.0,29002.5
2023-08-06 15:49:46,29010.94,29011.39,29005.5,29006.0,29001.5,29002.0
2023-08-06 15:50:02,29010.89,29011.4,29005.5,29006.0,29001.0,29001.5
2023-08-06 15:50:17,29017.17,29017.48,29005.5,29006.0,29002.0,29002.5
2023-08-06 15:50:34,29016.53,29017.47,29005.5,29006.0,29002.0,29002.5
2023-08-06 15:50:51,29016.36,29017.0,29005.5,29006.0,29002.0,29002.5
2023-08-06 15:51:07,29017.58,29017.95,29005.5,29006.0,29004.0,29004.5
2023-08-06 15:51:24,29015.02,29015.95,29005.5,29006.0,29002.5,29003.0
2023-08-06 15:51:40,29015.06,29015.82,29005.5,29006.0,29002.5,29003.0
2023-08-06 15:51:57,29015.58,29016.0,29005.5,29006.0,29003.0,29003.5
2023-08-06 15:52:13,29015.12,29015.43,29005.5,29006.0,29003.0,29003.5
2023-08-06 15:52:30,29016.15,29016.74,29005.5,29006.0,29003.5,29004.0
2023-08-06 15:52:47,29016.06,29016.74,29005.5,29006.0,29003.5,29004.0
2023-08-06 15:53:03,29012.45,29013.28,29005.5,29006.0,29003.5,29004.0
2023-08-06 15:53:19,29013.02,29013.31,29005.5,29006.0,29003.5,29004.0
2023-08-06 15:53:35,29011.58,29012.06,29005.5,29006.0,29003.5,29004.0
2023-08-06 15:53:51,29011.24,29011.74,29005.5,29006.0,29003.5,29004.0
2023-08-06 15:54:08,29009.5,29010.44,29005.5,29006.0,29003.5,29004.0
2023-08-06 15:54:24,28998.96,28999.9,28988.0,28988.5,28984.5,28985.0
2023-08-06 15:54:40,29005.62,29006.39,28988.0,28988.5,28989.0,28992.0
2023-08-06 15:54:56,29004.71,29005.57,28990.0,28990.5,28992.0,28992.5
2023-08-06 15:55:12,29004.25,29004.77,28990.0,28990.5,28992.0,28992.5
2023-08-06 15:55:28,29008.02,29008.99,28994.5,28995.0,28998.0,28998.5
2023-08-06 15:55:44,29008.28,29008.55,28994.5,28995.0,28999.0,28999.5
2023-08-06 15:56:01,29008.47,29009.39,28994.5,28995.0,28999.0,28999.5
2023-08-06 15:56:16,29008.41,29008.82,28994.5,28995.0,28999.0,28999.5
2023-08-06 15:56:32,29005.15,29006.0,28994.5,28995.0,28999.0,28999.5
2023-08-06 15:56:49,29007.81,29008.39,28994.5,28995.0,28997.5,28998.0
2023-08-06 15:57:05,29008.96,29009.42,28994.5,28995.0,28997.5,28998.0
2023-08-06 15:57:21,29009.56,29010.57,28994.5,28995.0,28997.5,28998.0
2023-08-06 15:57:36,29008.07,29008.98,28995.0,28995.5,28997.5,28998.0
2023-08-06 15:57:52,29008.03,29008.87,28995.0,28995.5,28997.5,28998.0
2023-08-06 15:58:08,29009.49,29009.99,28995.0,28995.5,28999.0,28999.5
2023-08-06 15:58:24,29009.77,29010.68,28995.0,28995.5,28999.0,28999.5
2023-08-06 15:58:40,29010.26,29010.62,28995.0,28995.5,28999.0,28999.5
2023-08-06 15:58:55,29009.22,29009.99,28995.0,28995.5,28999.0,28999.5
2023-08-06 15:59:11,29007.87,29007.88,28995.0,28995.5,28999.0,28999.5
2023-08-06 15:59:28,29009.68,29009.69,28995.0,28995.5,28999.0,28999.5
2023-08-06 15:59:44,29006.38,29006.65,28994.5,28995.0,28998.0,28998.5
2023-08-06 16:00:00,29003.9,29004.74,28994.5,28995.0,28997.0,28997.5
2023-08-06 16:00:26,29006.1,29006.93,28990.0,28990.5,28994.0,28994.5
2023-08-06 16:00:42,29007.26,29008.1,28993.0,28993.5,28994.5,28995.0
2023-08-06 16:00:57,29004.39,29005.32,28993.0,28993.5,28996.0,28996.5
2023-08-06 16:01:14,29006.1,29006.99,28993.0,28993.5,28996.0,28996.5
2023-08-06 16:01:30,29006.32,29007.0,28993.0,28993.5,28996.0,28996.5
2023-08-06 16:01:46,29006.82,29007.24,28993.0,28993.5,28996.0,28996.5
2023-08-06 16:02:01,29002.1,29002.83,28993.0,28993.5,28996.0,28996.5
2023-08-06 16:02:17,29002.98,29003.92,28993.0,28993.5,28993.5,28994.0
2023-08-06 16:02:33,29002.08,29002.82,28993.0,28993.5,28993.0,28993.5
2023-08-06 16:02:49,29000.1,29000.24,28993.0,28993.5,28991.5,28992.0
2023-08-06 16:03:05,29000.11,29001.02,28993.0,28993.5,28991.0,28991.5
2023-08-06 16:03:20,29001.98,29002.76,28993.0,28993.5,28991.5,28992.0
2023-08-06 16:03:36,29002.26,29002.69,28993.0,28993.5,28991.5,28992.0
2023-08-06 16:03:52,29003.09,29003.98,28993.0,28993.5,28991.5,28992.0
2023-08-06 16:04:09,29007.93,29008.76,28993.0,28993.5,28991.5,28992.0
2023-08-06 16:04:25,29006.7,29007.07,28993.0,28993.5,28991.5,28992.0
2023-08-06 16:04:42,29006.44,29007.18,28993.0,28993.5,28991.5,28992.0
2023-08-06 16:04:58,29008.96,29009.52,28993.0,28993.5,28993.0,28993.5
2023-08-06 16:05:15,29011.7,29012.21,28993.5,28994.0,28996.0,28996.5
2023-08-06 16:05:31,29007.14,29007.98,28994.0,28994.5,28996.0,28996.5
2023-08-06 16:05:47,29003.64,29004.42,28994.0,28994.5,28996.0,28996.5
2023-08-06 16:06:03,29000.02,29000.8,28994.0,28994.5,28996.0,28996.5
2023-08-06 16:06:19,29000.09,29001.19,28994.0,28994.5,28991.0,28991.5
2023-08-06 16:06:35,28998.97,28999.47,28994.0,28994.5,28990.5,28991.0
2023-08-06 16:06:50,28999.27,28999.82,28994.0,28994.5,28990.0,28990.5
2023-08-06 16:07:06,28997.99,28998.77,28994.0,28994.5,28990.0,28990.5
2023-08-06 16:07:22,28998.66,28999.51,28994.0,28994.5,28989.0,28989.5
2023-08-06 16:07:38,28995.43,28996.23,28991.0,28991.5,28987.5,28988.0
2023-08-06 16:07:54,28995.95,28996.81,28991.0,28991.5,28987.5,28988.0
2023-08-06 16:08:09,28996.53,28997.26,28991.0,28991.5,28987.5,28988.0
2023-08-06 16:08:25,28996.68,28997.29,28991.0,28991.5,28987.5,28988.0
2023-08-06 16:08:41,28994.63,28995.34,28991.0,28991.5,28987.5,28988.0
2023-08-06 16:08:57,28994.57,28995.24,28991.0,28991.5,28987.5,28988.0
2023-08-06 16:09:13,28995.0,28995.61,28991.0,28991.5,28985.5,28986.0
2023-08-06 16:09:28,28995.58,28996.44,28991.0,28991.5,28985.5,28986.0
2023-08-06 16:09:44,28994.93,28995.28,28991.0,28991.5,28985.5,28986.0
2023-08-06 16:10:00,28995.86,28996.35,28991.0,28991.5,28985.5,28986.0
2023-08-06 16:10:16,28997.61,28997.66,28991.0,28991.5,28986.0,28986.5
2023-08-06 16:10:32,28996.59,28997.48,28991.0,28991.5,28986.0,28986.5
2023-08-06 16:10:48,28998.15,28999.26,28991.0,28991.5,28986.0,28986.5
2023-08-06 16:11:04,28998.55,28999.58,28991.0,28991.5,28986.0,28986.5
2023-08-06 16:11:21,29002.05,29002.99,28991.0,28991.5,28991.0,28991.5
2023-08-06 16:11:37,29004.5,29005.21,28991.0,28991.5,28991.5,28992.0
2023-08-06 16:11:54,29012.02,29012.8,28994.5,28995.0,28999.5,29000.0
2023-08-06 16:12:10,29011.1,29011.57,28994.5,28995.0,29000.5,29001.0
2023-08-06 16:12:26,29011.02,29011.99,28994.5,28995.0,29000.5,29001.0
2023-08-06 16:12:42,29013.0,29013.46,28994.5,28995.0,29000.5,29001.0
2023-08-06 16:12:59,29014.35,29014.88,28997.0,28997.5,29002.0,29002.5
2023-08-06 16:13:15,29013.04,29013.53,28997.0,28997.5,29002.5,29003.0
2023-08-06 16:13:31,29013.63,29014.5,28997.0,28997.5,29002.5,29003.0
2023-08-06 16:13:47,29014.58,29015.49,28998.5,28999.0,29002.5,29003.0
2023-08-06 16:14:03,29014.63,29015.36,28998.5,28999.0,29002.5,29003.0
2023-08-06 16:14:20,29014.72,29015.41,28998.5,28999.0,29002.5,29003.0
2023-08-06 16:14:37,29015.22,29015.43,28998.5,28999.0,29003.5,29004.0
2023-08-06 16:14:52,29015.94,29016.54,28998.5,28999.0,29003.5,29004.0
2023-08-06 16:15:09,29014.02,29014.73,28998.5,28999.0,29003.5,29004.0
2023-08-06 16:15:25,29014.51,29015.09,28998.5,28999.0,29003.5,29004.0
2023-08-06 16:15:40,29015.04,29015.73,28998.5,28999.0,29005.0,29005.5
2023-08-06 16:15:56,29014.18,29014.36,28998.5,28999.0,29005.0,29005.5
2023-08-06 16:16:12,29012.69,29013.43,28998.5,28999.0,29005.0,29005.5
2023-08-06 16:16:28,29004.87,29005.49,28998.5,28999.0,28999.5,29000.0
2023-08-06 16:16:44,29006.0,29006.84,28998.5,28999.0,28998.0,28998.5
2023-08-06 16:16:59,29006.22,29006.48,28998.5,28999.0,28998.0,28998.5
2023-08-06 16:17:15,29006.54,29006.9,28998.5,28999.0,28998.0,28998.5
2023-08-06 16:17:31,29006.04,29006.91,28998.5,28999.0,28998.5,28999.0
2023-08-06 16:17:47,29005.63,29006.0,28998.5,28999.0,28998.5,28999.0
2023-08-06 16:18:03,29005.4,29005.57,28998.5,28999.0,28998.5,28999.0
2023-08-06 16:18:18,29006.13,29006.35,28998.5,28999.0,28998.5,28999.0
2023-08-06 16:18:34,29006.16,29006.72,28998.5,28999.0,28998.5,28999.0
2023-08-06 16:18:50,29006.62,29006.77,28998.5,28999.0,28998.5,28999.0
2023-08-06 16:19:06,29004.49,29005.05,28998.5,28999.0,28998.0,28998.5
2023-08-06 16:19:22,29005.27,29005.85,28998.5,28999.0,28998.0,28998.5
2023-08-06 16:19:37,29005.25,29005.94,28998.5,28999.0,28998.0,28998.5
2023-08-06 16:19:53,29007.01,29007.61,28998.5,28999.0,28998.0,28998.5
2023-08-06 16:20:09,29007.08,29007.38,28998.5,28999.0,28998.0,28998.5
2023-08-06 16:20:25,29009.19,29009.9,28998.5,28999.0,28998.0,28998.5
2023-08-06 16:20:41,29010.54,29010.57,28998.5,28999.0,28998.0,28998.5
2023-08-06 16:20:58,29009.01,29009.56,28998.5,28999.0,28998.0,28998.5
2023-08-06 16:21:15,29008.46,29008.84,28998.5,28999.0,28998.0,28998.5
2023-08-06 16:21:30,29007.4,29008.0,28998.5,28999.0,28998.0,28998.5
2023-08-06 16:21:46,29008.12,29008.83,28998.5,28999.0,28998.0,28998.5
2023-08-06 16:22:02,29009.0,29009.56,28998.5,28999.0,28999.5,29000.0
2023-08-06 16:22:18,29010.77,29011.07,28998.5,28999.0,28999.5,29000.0
2023-08-06 16:22:34,29010.06,29010.48,28998.5,28999.0,28999.5,29000.0
2023-08-06 16:22:50,29010.33,29011.05,28998.5,28999.0,28999.5,29000.0
2023-08-06 16:23:07,29010.67,29011.25,28998.5,28999.0,28999.5,29000.0
2023-08-06 16:23:23,29010.52,29011.22,28998.5,28999.0,28999.5,29000.0
2023-08-06 16:23:40,29010.55,29011.24,28998.5,28999.0,28999.5,29000.0
2023-08-06 16:23:56,29012.76,29013.23,28998.5,28999.0,29001.5,29002.0
2023-08-06 16:24:13,29012.58,29013.14,28998.5,28999.0,29001.5,29002.0
2023-08-06 16:24:30,29011.09,29011.99,28998.5,28999.0,29001.5,29002.0
2023-08-06 16:24:45,29013.27,29013.82,28998.5,28999.0,29001.5,29002.0
2023-08-06 16:25:02,29011.82,29013.0,28998.5,28999.0,29001.5,29002.0
2023-08-06 16:25:19,29014.42,29014.78,28998.5,28999.0,29002.5,29003.0
2023-08-06 16:25:35,29015.0,29015.61,28998.5,28999.0,29002.5,29003.0
2023-08-06 16:25:52,29017.07,29017.76,29001.0,29001.5,29006.5,29007.0
2023-08-06 16:26:08,29016.9,29017.87,29001.0,29001.5,29007.5,29008.0
2023-08-06 16:26:23,29019.16,29019.54,29001.0,29001.5,29008.5,29009.0
2023-08-06 16:26:39,29020.79,29021.24,29003.0,29003.5,29010.0,29010.5
2023-08-06 16:26:56,29017.99,29018.76,29003.0,29003.5,29010.0,29010.5
2023-08-06 16:27:12,29019.25,29019.72,29003.0,29003.5,29010.0,29010.5
2023-08-06 16:27:27,29019.27,29020.2,29003.0,29003.5,29010.0,29010.5
2023-08-06 16:27:43,29019.18,29019.89,29003.0,29003.5,29011.0,29011.5
2023-08-06 16:27:59,29017.76,29017.77,29003.0,29003.5,29011.0,29011.5
2023-08-06 16:28:15,29024.51,29025.57,29008.0,29008.5,29013.5,29014.0
2023-08-06 16:28:31,29026.45,29027.2,29008.0,29008.5,29013.5,29014.0
2023-08-06 16:28:48,29026.12,29026.83,29008.0,29008.5,29013.5,29014.0
2023-08-06 16:29:05,29027.01,29027.58,29008.0,29008.5,29014.0,29014.5
2023-08-06 16:29:21,29024.63,29025.39,29008.0,29008.5,29014.0,29014.5
2023-08-06 16:29:38,29024.98,29025.34,29008.0,29008.5,29014.5,29015.0
2023-08-06 16:29:54,29025.16,29025.95,29008.0,29008.5,29014.5,29015.0
2023-08-06 16:30:10,29025.24,29026.07,29008.0,29008.5,29015.5,29016.0
2023-08-06 16:30:26,29026.3,29027.0,29009.0,29009.5,29016.5,29017.0
2023-08-06 16:30:42,29024.56,29024.93,29009.0,29009.5,29016.5,29017.0
2023-08-06 16:30:58,29024.01,29024.7,29009.0,29009.5,29017.0,29017.5
2023-08-06 16:31:13,29024.7,29025.57,29009.0,29009.5,29017.0,29017.5
2023-08-06 16:31:29,29024.56,29025.31,29009.0,29009.5,29017.0,29017.5
2023-08-06 16:31:45,29021.36,29022.04,29009.0,29009.5,29017.0,29017.5
2023-08-06 16:32:01,29023.0,29023.44,29009.0,29009.5,29015.0,29015.5
2023-08-06 16:32:17,29024.37,29024.98,29009.0,29009.5,29016.0,29016.5
2023-08-06 16:32:32,29023.93,29024.72,29010.0,29010.5,29016.0,29016.5
2023-08-06 16:32:48,29023.08,29023.86,29010.0,29010.5,29016.0,29016.5
2023-08-06 16:33:04,29024.47,29024.98,29010.0,29010.5,29016.0,29016.5
2023-08-06 16:33:20,29024.02,29024.72,29010.0,29010.5,29016.0,29016.5
2023-08-06 16:33:36,29026.07,29026.65,29010.0,29010.5,29016.0,29016.5
2023-08-06 16:33:51,29026.44,29026.64,29010.0,29010.5,29016.0,29016.5
2023-08-06 16:34:07,29026.91,29027.61,29010.0,29010.5,29016.0,29016.5
2023-08-06 16:34:24,29026.3,29027.34,29010.0,29010.5,29016.0,29016.5
2023-08-06 16:34:40,29024.85,29024.95,29010.0,29010.5,29016.0,29016.5
2023-08-06 16:34:56,29025.61,29026.19,29010.0,29010.5,29017.0,29017.5
2023-08-06 16:35:12,29026.73,29027.39,29010.0,29010.5,29017.0,29017.5
2023-08-06 16:35:28,29026.77,29027.18,29010.0,29010.5,29017.0,29017.5
2023-08-06 16:35:44,29027.04,29027.58,29010.0,29010.5,29017.0,29017.5
2023-08-06 16:36:00,29028.62,29029.39,29014.0,29014.5,29017.0,29017.5
2023-08-06 16:36:16,29032.01,29032.89,29016.0,29016.5,29019.5,29020.0
2023-08-06 16:36:33,29033.24,29034.3,29018.5,29019.0,29023.0,29023.5
2023-08-06 16:36:49,29033.15,29033.35,29018.5,29019.0,29023.5,29024.0
2023-08-06 16:37:05,29034.37,29035.21,29020.5,29021.0,29024.0,29024.5
2023-08-06 16:37:22,29033.94,29034.74,29020.5,29021.0,29024.0,29024.5
2023-08-06 16:37:37,29034.8,29035.28,29020.5,29021.0,29024.5,29025.0
2023-08-06 16:37:53,29036.01,29037.28,29020.5,29021.0,29026.0,29026.5
2023-08-06 16:38:10,29036.23,29036.99,29022.5,29023.0,29027.0,29027.5
2023-08-06 16:38:26,29037.08,29038.15,29022.5,29023.0,29027.5,29028.0
2023-08-06 16:38:41,29038.64,29038.99,29022.5,29023.0,29029.0,29029.5
2023-08-06 16:38:57,29039.5,29039.84,29023.5,29024.0,29029.0,29029.5
2023-08-06 16:39:13,29041.03,29041.86,29028.0,29028.5,29029.5,29030.0
2023-08-06 16:39:30,29043.12,29044.23,29029.0,29029.5,29033.5,29034.0
2023-08-06 16:39:46,29044.7,29045.02,29029.0,29029.5,29034.5,29035.0
2023-08-06 16:40:01,29047.54,29048.41,29029.0,29029.5,29036.5,29037.0
2023-08-06 16:40:18,29048.39,29049.0,29031.5,29032.0,29038.0,29038.5
2023-08-06 16:40:35,29051.67,29052.52,29045.5,29046.0,29044.0,29044.5
2023-08-06 16:40:50,29051.59,29052.34,29045.5,29046.0,29044.0,29044.5
2023-08-06 16:41:06,29052.35,29053.13,29045.5,29046.0,29044.0,29044.5
2023-08-06 16:41:22,29054.96,29055.48,29045.5,29046.0,29045.5,29046.0
2023-08-06 16:41:38,29054.03,29054.41,29045.5,29046.0,29045.5,29046.0
2023-08-06 16:41:54,29055.44,29056.6,29045.5,29046.0,29045.5,29046.0
2023-08-06 16:42:10,29056.35,29056.78,29045.5,29046.0,29045.5,29046.0
2023-08-06 16:42:27,29054.19,29054.55,29045.5,29046.0,29045.0,29045.5
2023-08-06 16:42:43,29055.86,29056.66,29045.5,29046.0,29045.0,29045.5
2023-08-06 16:42:59,29055.19,29055.98,29045.5,29046.0,29045.0,29045.5
2023-08-06 16:43:16,29053.56,29054.03,29045.5,29046.0,29045.0,29045.5
2023-08-06 16:43:32,29052.9,29053.45,29045.5,29046.0,29045.0,29045.5
2023-08-06 16:43:47,29054.35,29055.08,29045.5,29046.0,29045.0,29045.5
2023-08-06 16:44:03,29054.7,29055.34,29045.5,29046.0,29045.0,29045.5
2023-08-06 16:44:19,29051.7,29052.99,29045.5,29046.0,29045.0,29045.5
2023-08-06 16:44:35,29052.72,29053.19,29045.5,29046.0,29045.0,29045.5
2023-08-06 16:44:51,29051.47,29051.99,29045.5,29046.0,29042.0,29043.0
2023-08-06 16:45:07,29055.64,29056.55,29045.5,29046.0,29043.5,29044.0
2023-08-06 16:45:23,29056.01,29056.47,29045.5,29046.0,29047.5,29048.0
2023-08-06 16:45:39,29060.41,29060.98,29052.5,29053.0,29049.5,29050.0
2023-08-06 16:45:56,29059.63,29060.0,29052.5,29053.0,29049.5,29050.0
2023-08-06 16:46:12,29058.71,29059.51,29052.5,29053.0,29050.0,29050.5
2023-08-06 16:46:27,29062.71,29063.56,29052.5,29053.0,29050.5,29051.0
2023-08-06 16:46:44,29061.89,29062.66,29053.5,29054.0,29054.0,29054.5
2023-08-06 16:47:00,29062.74,29063.36,29053.5,29054.0,29054.0,29054.5
2023-08-06 16:47:16,29060.0,29060.8,29053.5,29054.0,29055.0,29055.5
2023-08-06 16:47:31,29059.37,29059.58,29053.5,29054.0,29054.0,29054.5
2023-08-06 16:47:47,29062.02,29062.59,29053.5,29054.0,29052.5,29053.0
2023-08-06 16:48:03,29063.01,29063.39,29053.5,29054.0,29053.5,29054.0
2023-08-06 16:48:19,29054.82,29055.57,29047.0,29047.5,29043.5,29044.0
2023-08-06 16:48:35,29056.05,29057.03,29047.0,29047.5,29045.5,29046.0
2023-08-06 16:48:52,29054.02,29054.68,29047.0,29047.5,29045.5,29046.0
2023-08-06 16:49:08,29058.67,29059.25,29047.0,29047.5,29046.5,29047.0
2023-08-06 16:49:24,29056.55,29057.54,29047.5,29048.0,29047.0,29047.5
2023-08-06 16:49:40,29058.01,29058.36,29047.5,29048.0,29047.5,29048.0
2023-08-06 16:49:57,29057.38,29057.62,29047.5,29048.0,29047.5,29048.0
2023-08-06 16:50:13,29056.98,29057.9,29047.5,29048.0,29047.5,29048.0
2023-08-06 16:50:28,29057.11,29057.61,29047.5,29048.0,29047.5,29048.0
2023-08-06 16:50:44,29058.49,29059.26,29047.5,29048.0,29047.5,29048.0
2023-08-06 16:51:01,29058.31,29059.11,29047.5,29048.0,29047.5,29048.0
2023-08-06 16:51:18,29066.77,29067.92,29055.5,29056.0,29057.5,29058.0
2023-08-06 16:51:33,29066.29,29066.91,29055.5,29056.0,29057.5,29058.0
2023-08-06 16:51:49,29069.36,29070.8,29057.5,29058.0,29057.5,29058.0
2023-08-06 16:52:06,29070.75,29071.01,29057.5,29058.0,29059.5,29060.0
2023-08-06 16:52:22,29070.2,29070.98,29057.5,29058.0,29059.5,29060.0
2023-08-06 16:52:38,29065.28,29065.95,29057.5,29058.0,29057.5,29058.5
2023-08-06 16:52:55,29064.51,29064.93,29057.5,29058.0,29057.0,29057.5
2023-08-06 16:53:11,29065.12,29065.71,29057.5,29058.0,29057.0,29057.5
2023-08-06 16:53:28,29068.67,29069.95,29057.5,29058.0,29058.5,29059.0
2023-08-06 16:53:43,29064.24,29064.82,29057.5,29058.0,29059.0,29059.5
2023-08-06 16:54:00,29067.29,29067.98,29057.5,29058.0,29059.0,29059.5
2023-08-06 16:54:17,29067.63,29068.93,29057.5,29058.0,29059.0,29059.5
2023-08-06 16:54:32,29072.53,29073.45,29057.5,29058.0,29060.5,29061.0
2023-08-06 16:54:48,29072.06,29073.21,29057.5,29058.0,29060.5,29061.0
2023-08-06 16:55:04,29074.74,29075.36,29060.0,29060.5,29066.0,29066.5
2023-08-06 16:55:21,29078.1,29078.3,29067.5,29068.0,29068.0,29068.5
2023-08-06 16:55:36,29078.0,29078.88,29067.5,29068.0,29068.5,29069.0
2023-08-06 16:55:52,29076.99,29078.32,29068.0,29068.5,29067.0,29067.5
2023-08-06 16:56:08,29076.78,29077.29,29068.0,29068.5,29067.0,29067.5
2023-08-06 16:56:24,29076.01,29076.99,29068.0,29068.5,29067.0,29067.5
2023-08-06 16:56:40,29074.24,29075.28,29068.0,29068.5,29067.0,29067.5
2023-08-06 16:56:56,29077.26,29077.43,29068.0,29068.5,29067.0,29067.5
2023-08-06 16:57:12,29076.52,29077.5,29068.0,29068.5,29068.0,29068.5
2023-08-06 16:57:28,29076.36,29077.41,29068.0,29068.5,29068.0,29068.5
2023-08-06 16:57:44,29075.74,29076.0,29068.0,29068.5,29068.0,29068.5
2023-08-06 16:58:00,29077.93,29078.71,29068.0,29068.5,29068.0,29068.5
2023-08-06 16:58:16,29081.43,29082.0,29068.0,29068.5,29068.0,29068.5
2023-08-06 16:58:33,29076.57,29077.6,29068.0,29068.5,29068.0,29068.5
2023-08-06 16:58:49,29078.41,29079.3,29068.0,29068.5,29068.0,29068.5
2023-08-06 16:59:04,29078.11,29079.0,29068.0,29068.5,29068.0,29068.5
2023-08-06 16:59:20,29078.24,29078.42,29068.0,29068.5,29068.0,29068.5
2023-08-06 16:59:36,29077.47,29077.99,29068.0,29068.5,29068.0,29068.5
2023-08-06 16:59:52,29077.06,29077.61,29068.0,29068.5,29068.0,29068.5
2023-08-06 17:00:08,29082.48,29083.46,29068.0,29068.5,29068.0,29068.5
2023-08-06 17:00:23,29082.54,29083.42,29068.0,29068.5,29070.0,29070.5
2023-08-06 17:00:39,29083.33,29084.23,29068.0,29068.5,29071.0,29071.5
2023-08-06 17:00:55,29081.34,29082.09,29068.0,29068.5,29070.5,29071.0
2023-08-06 17:01:11,29076.87,29077.52,29068.0,29068.5,29068.5,29069.0
2023-08-06 17:01:27,29075.47,29075.96,29068.0,29068.5,29067.5,29068.0
2023-08-06 17:01:44,29071.08,29071.98,29063.0,29063.5,29066.5,29067.0
2023-08-06 17:02:01,29068.11,29069.22,29060.0,29060.5,29062.5,29063.0
2023-08-06 17:02:17,29068.01,29068.41,29059.5,29060.0,29061.0,29061.5
2023-08-06 17:02:34,29074.01,29074.63,29060.5,29061.0,29061.0,29061.5
2023-08-06 17:02:50,29071.57,29072.89,29060.5,29061.0,29063.5,29064.0
2023-08-06 17:03:06,29072.0,29072.56,29060.5,29061.0,29063.0,29063.5
2023-08-06 17:03:22,29070.73,29071.6,29060.5,29061.0,29063.0,29063.5
2023-08-06 17:03:38,29070.03,29071.0,29060.5,29061.0,29061.0,29061.5
2023-08-06 17:03:54,29068.51,29069.39,29060.5,29061.0,29061.0,29061.5
2023-08-06 17:04:11,29072.86,29073.82,29060.5,29061.0,29061.0,29061.5
2023-08-06 17:04:27,29070.41,29070.93,29060.5,29061.0,29061.5,29062.0
2023-08-06 17:04:43,29070.85,29071.27,29060.5,29061.0,29061.5,29062.0
2023-08-06 17:04:58,29071.29,29071.3,29060.5,29061.0,29061.5,29062.0
2023-08-06 17:05:14,29071.08,29071.92,29060.5,29061.0,29062.5,29063.0
2023-08-06 17:05:30,29071.32,29071.66,29060.5,29061.0,29062.0,29062.5
2023-08-06 17:05:46,29069.73,29070.65,29060.5,29061.0,29061.0,29061.5
2023-08-06 17:06:02,29070.14,29070.74,29060.5,29061.0,29061.0,29061.5
2023-08-06 17:06:18,29069.88,29070.51,29060.5,29061.0,29061.0,29061.5
2023-08-06 17:06:33,29067.83,29068.54,29060.5,29061.0,29061.0,29061.5
2023-08-06 17:06:50,29068.49,29068.56,29060.5,29061.0,29060.5,29061.0
2023-08-06 17:07:07,29067.44,29068.68,29060.5,29061.0,29058.5,29059.0
2023-08-06 17:07:23,29069.08,29069.74,29060.5,29061.0,29058.0,29058.5
2023-08-06 17:07:38,29068.68,29069.01,29060.5,29061.0,29057.5,29058.0
2023-08-06 17:07:54,29068.36,29069.04,29060.5,29061.0,29057.5,29058.0
2023-08-06 17:08:10,29068.53,29069.0,29060.5,29061.0,29057.5,29058.0
2023-08-06 17:08:26,29068.81,29068.95,29060.5,29061.0,29058.0,29058.5
2023-08-06 17:08:41,29069.01,29069.72,29060.5,29061.0,29058.0,29058.5
2023-08-06 17:08:57,29069.04,29069.29,29060.5,29061.0,29058.0,29058.5
2023-08-06 17:09:13,29067.64,29068.22,29060.5,29061.0,29058.0,29058.5
2023-08-06 17:09:29,29067.66,29068.0,29060.5,29061.0,29058.0,29058.5
2023-08-06 17:09:45,29070.65,29071.57,29060.5,29061.0,29061.5,29062.0
2023-08-06 17:10:00,29070.69,29071.74,29060.5,29061.0,29061.5,29062.0
2023-08-06 17:10:16,29072.09,29072.99,29060.5,29061.0,29061.5,29062.0
2023-08-06 17:10:32,29070.02,29070.45,29060.5,29061.0,29061.5,29062.0
2023-08-06 17:10:49,29070.04,29070.81,29060.5,29061.0,29062.0,29062.5
2023-08-06 17:11:05,29070.76,29071.48,29060.5,29061.0,29062.5,29063.0
2023-08-06 17:11:21,29068.69,29069.54,29060.5,29061.0,29062.5,29063.0
2023-08-06 17:11:38,29069.57,29069.97,29060.5,29061.0,29062.5,29063.0
2023-08-06 17:11:55,29069.86,29069.87,29060.5,29061.0,29062.5,29063.0
2023-08-06 17:12:11,29069.66,29070.46,29060.5,29061.0,29062.5,29063.0
2023-08-06 17:12:28,29069.56,29069.76,29060.5,29061.0,29062.5,29063.0
2023-08-06 17:12:44,29070.04,29070.45,29060.5,29061.0,29062.5,29063.0
2023-08-06 17:13:01,29070.0,29070.53,29060.5,29061.0,29062.5,29063.0
2023-08-06 17:13:17,29067.18,29067.96,29060.5,29061.0,29060.5,29061.0
2023-08-06 17:13:32,29067.96,29068.73,29060.5,29061.0,29060.5,29061.0
2023-08-06 17:13:48,29067.47,29067.48,29060.5,29061.0,29060.5,29061.0
2023-08-06 17:14:04,29068.03,29068.53,29060.5,29061.0,29060.5,29061.0
2023-08-06 17:14:20,29068.36,29068.97,29060.5,29061.0,29060.5,29061.0
2023-08-06 17:14:35,29066.16,29066.51,29060.5,29061.0,29060.5,29061.0
2023-08-06 17:14:51,29064.9,29066.0,29060.5,29061.0,29060.0,29060.5
2023-08-06 17:15:07,29064.39,29065.0,29060.5,29061.0,29060.0,29060.5
2023-08-06 17:15:23,29067.91,29068.62,29060.5,29061.0,29060.0,29060.5
2023-08-06 17:15:39,29067.13,29067.95,29060.5,29061.0,29060.0,29060.5
2023-08-06 17:15:55,29066.14,29066.7,29060.5,29061.0,29060.0,29060.5
2023-08-06 17:16:10,29065.59,29066.29,29060.5,29061.0,29060.0,29060.5
2023-08-06 17:16:26,29063.77,29064.5,29060.5,29061.0,29059.5,29060.0
2023-08-06 17:16:42,29054.43,29055.86,29046.5,29047.0,29045.0,29045.5
2023-08-06 17:16:59,29056.51,29056.85,29046.5,29047.0,29045.0,29045.5
2023-08-06 17:17:15,29052.4,29052.62,29046.5,29047.0,29043.0,29043.5
2023-08-06 17:17:30,29060.11,29060.79,29054.5,29055.0,29050.5,29051.0
2023-08-06 17:17:46,29059.08,29059.19,29053.0,29053.5,29050.5,29051.0
2023-08-06 17:18:02,29059.89,29060.51,29053.0,29053.5,29051.0,29051.5
2023-08-06 17:18:18,29059.39,29059.53,29053.0,29053.5,29050.5,29051.0
2023-08-06 17:18:34,29059.18,29059.44,29053.0,29053.5,29050.5,29051.0
2023-08-06 17:18:49,29059.41,29059.59,29053.0,29053.5,29050.5,29051.0
2023-08-06 17:19:05,29058.69,29059.64,29053.0,29053.5,29050.5,29051.0
2023-08-06 17:19:21,29060.81,29061.71,29053.0,29053.5,29051.0,29051.5
2023-08-06 17:19:37,29061.0,29061.62,29053.0,29053.5,29051.0,29051.5
2023-08-06 17:19:52,29061.1,29061.2,29053.0,29053.5,29050.5,29051.0
2023-08-06 17:20:08,29060.71,29060.98,29053.0,29053.5,29050.5,29051.0
2023-08-06 17:20:24,29061.17,29061.68,29053.0,29053.5,29050.5,29051.0
2023-08-06 17:20:40,29060.7,29061.28,29053.0,29053.5,29050.5,29051.0
2023-08-06 17:20:56,29060.29,29060.5,29053.0,29053.5,29050.5,29051.0
2023-08-06 17:21:11,29060.58,29061.02,29053.0,29053.5,29050.5,29051.0
2023-08-06 17:21:27,29060.05,29060.64,29053.0,29053.5,29050.5,29051.0
2023-08-06 17:21:43,29060.01,29060.52,29053.0,29053.5,29050.5,29051.0
2023-08-06 17:21:59,29058.95,29059.53,29053.0,29053.5,29050.5,29051.0
2023-08-06 17:22:14,29056.21,29056.99,29053.0,29053.5,29050.5,29051.0
2023-08-06 17:22:31,29057.01,29057.84,29053.0,29053.5,29050.5,29051.0
2023-08-06 17:22:48,29057.31,29058.15,29053.0,29053.5,29050.5,29051.0
2023-08-06 17:23:04,29058.38,29059.01,29053.0,29053.5,29050.5,29051.0
2023-08-06 17:23:20,29058.56,29059.06,29053.0,29053.5,29050.5,29051.0
2023-08-06 17:23:36,29058.58,29059.41,29053.0,29053.5,29050.5,29051.0
2023-08-06 17:23:52,29057.83,29058.67,29053.0,29053.5,29050.5,29051.0
2023-08-06 17:24:07,29054.16,29054.95,29051.5,29052.0,29050.5,29051.0
2023-08-06 17:24:24,29049.44,29049.95,29047.0,29047.5,29042.5,29043.0
2023-08-06 17:24:41,29050.3,29050.82,29044.0,29044.5,29041.0,29041.5
2023-08-06 17:24:56,29045.23,29045.84,29040.0,29040.5,29035.0,29035.5
2023-08-06 17:25:12,29046.95,29047.59,29040.0,29040.5,29035.5,29036.0
2023-08-06 17:25:28,29049.05,29050.07,29040.0,29040.5,29037.0,29037.5
2023-08-06 17:25:44,29046.58,29047.48,29040.0,29040.5,29037.0,29037.5
2023-08-06 17:26:00,29047.22,29047.24,29040.0,29040.5,29037.0,29037.5
2023-08-06 17:26:15,29045.68,29046.51,29040.0,29040.5,29036.5,29037.0
2023-08-06 17:26:31,29042.96,29043.92,29040.0,29040.5,29035.0,29035.5
2023-08-06 17:26:47,29044.29,29044.99,29040.0,29040.5,29034.5,29035.0
2023-08-06 17:27:03,29047.25,29047.7,29040.0,29040.5,29036.5,29037.0
2023-08-06 17:27:19,29046.68,29046.96,29040.0,29040.5,29036.5,29037.0
2023-08-06 17:27:35,29046.33,29046.5,29040.0,29040.5,29037.0,29037.5
2023-08-06 17:27:50,29045.89,29046.15,29040.0,29040.5,29037.0,29037.5
2023-08-06 17:28:06,29046.65,29047.87,29040.0,29040.5,29037.0,29037.5
2023-08-06 17:28:22,29048.01,29048.77,29040.0,29040.5,29037.0,29037.5
2023-08-06 17:28:38,29049.82,29050.42,29040.0,29040.5,29037.5,29038.0
2023-08-06 17:28:54,29048.32,29048.99,29040.0,29040.5,29037.5,29038.0
2023-08-06 17:29:09,29050.01,29050.68,29040.0,29040.5,29037.5,29038.0
2023-08-06 17:29:25,29053.31,29054.18,29040.0,29040.5,29040.5,29041.5
2023-08-06 17:29:41,29052.48,29053.23,29042.0,29042.5,29045.0,29045.5
2023-08-06 17:29:58,29051.92,29052.15,29042.0,29042.5,29045.0,29045.5
2023-08-06 17:30:14,29050.17,29050.93,29042.0,29042.5,29040.5,29041.0
2023-08-06 17:30:30,29051.4,29051.52,29042.0,29042.5,29041.0,29041.5
2023-08-06 17:30:46,29053.56,29054.4,29042.0,29042.5,29041.5,29042.0
2023-08-06 17:31:02,29051.47,29051.98,29042.0,29042.5,29042.0,29042.5
2023-08-06 17:31:18,29051.0,29051.22,29042.0,29042.5,29042.0,29042.5
2023-08-06 17:31:33,29050.88,29051.84,29042.0,29042.5,29042.0,29042.5
2023-08-06 17:31:49,29053.79,29054.79,29042.0,29042.5,29042.5,29043.0
2023-08-06 17:32:05,29053.56,29054.67,29042.0,29042.5,29042.5,29043.0
2023-08-06 17:32:21,29053.04,29053.72,29042.0,29042.5,29043.0,29043.5
2023-08-06 17:32:37,29052.4,29053.08,29042.0,29042.5,29043.0,29043.5
2023-08-06 17:32:53,29053.64,29053.65,29042.0,29042.5,29043.0,29043.5
2023-08-06 17:33:08,29061.4,29062.91,29051.5,29052.0,29049.5,29050.0
2023-08-06 17:33:24,29064.01,29065.2,29051.5,29052.0,29052.5,29053.0
2023-08-06 17:33:40,29076.01,29077.2,29066.5,29067.0,29063.5,29064.0
2023-08-06 17:33:56,29076.64,29077.18,29066.5,29067.0,29066.0,29066.5
2023-08-06 17:34:12,29080.66,29081.92,29066.5,29067.0,29069.5,29070.0
2023-08-06 17:34:27,29081.0,29081.6,29066.5,29067.0,29069.5,29070.0
2023-08-06 17:34:43,29084.12,29085.02,29071.0,29071.5,29072.5,29073.0
2023-08-06 17:34:59,29084.22,29085.11,29071.0,29071.5,29075.0,29075.5
2023-08-06 17:35:15,29085.1,29086.0,29071.0,29071.5,29077.0,29077.5
2023-08-06 17:35:32,29082.46,29084.24,29071.0,29071.5,29076.5,29077.0
2023-08-06 17:35:47,29082.57,29083.44,29071.0,29071.5,29076.5,29077.0
2023-08-06 17:36:03,29078.67,29079.4,29071.0,29071.5,29072.0,29072.5
2023-08-06 17:36:19,29076.72,29077.26,29071.0,29071.5,29069.5,29070.0
2023-08-06 17:36:35,29082.2,29082.64,29071.0,29071.5,29069.5,29070.0
2023-08-06 17:36:52,29079.69,29079.99,29071.0,29071.5,29072.0,29072.5
2023-08-06 17:37:07,29077.15,29077.58,29071.0,29071.5,29070.0,29070.5
2023-08-06 17:37:23,29076.33,29077.32,29071.0,29071.5,29070.0,29070.5
2023-08-06 17:37:39,29077.26,29078.38,29071.0,29071.5,29069.5,29070.0
2023-08-06 17:37:55,29080.66,29080.92,29071.0,29071.5,29069.5,29070.0
2023-08-06 17:38:11,29081.0,29081.8,29071.0,29071.5,29069.5,29070.0
2023-08-06 17:38:28,29081.35,29082.08,29071.0,29071.5,29070.0,29070.5
2023-08-06 17:38:44,29082.07,29082.98,29071.0,29071.5,29070.5,29071.0
2023-08-06 17:39:01,29087.61,29088.46,29071.0,29071.5,29078.0,29078.5
2023-08-06 17:39:17,29079.96,29080.64,29071.0,29071.5,29074.0,29074.5
2023-08-06 17:39:33,29081.01,29081.68,29071.0,29071.5,29073.5,29074.0
2023-08-06 17:39:48,29079.97,29080.48,29071.0,29071.5,29073.5,29074.0
2023-08-06 17:40:04,29080.45,29081.0,29071.0,29071.5,29073.5,29074.0
2023-08-06 17:40:20,29078.2,29079.17,29071.0,29071.5,29073.5,29074.0
2023-08-06 17:40:36,29078.98,29079.88,29071.0,29071.5,29073.5,29074.0
2023-08-06 17:40:52,29081.53,29082.3,29071.0,29071.5,29074.0,29074.5
2023-08-06 17:41:07,29080.0,29080.72,29071.0,29071.5,29074.0,29074.5
2023-08-06 17:41:23,29079.41,29080.28,29071.0,29071.5,29073.5,29074.0
2023-08-06 17:41:39,29078.69,29079.34,29071.0,29071.5,29073.5,29074.0
2023-08-06 17:41:55,29079.31,29080.23,29071.0,29071.5,29074.0,29074.5
2023-08-06 17:42:11,29079.13,29079.84,29071.0,29071.5,29073.5,29074.0
2023-08-06 17:42:26,29080.83,29081.74,29071.0,29071.5,29074.0,29074.5
2023-08-06 17:42:42,29080.67,29080.99,29071.0,29071.5,29074.0,29074.5
2023-08-06 17:42:58,29081.16,29081.25,29071.0,29071.5,29074.0,29074.5
2023-08-06 17:43:14,29081.3,29081.31,29071.0,29071.5,29074.0,29074.5
2023-08-06 17:43:29,29080.82,29081.48,29071.0,29071.5,29074.5,29075.0
2023-08-06 17:43:45,29081.37,29081.97,29071.0,29071.5,29074.5,29075.0
2023-08-06 17:44:01,29081.99,29082.52,29071.0,29071.5,29074.0,29074.5
2023-08-06 17:44:17,29083.26,29084.18,29071.0,29071.5,29074.0,29074.5
2023-08-06 17:44:33,29081.36,29081.87,29071.0,29071.5,29074.0,29074.5
2023-08-06 17:44:49,29082.19,29082.83,29071.0,29071.5,29074.0,29074.5
2023-08-06 17:45:05,29083.31,29083.75,29071.0,29071.5,29074.0,29074.5
2023-08-06 17:45:21,29083.11,29083.93,29071.0,29071.5,29074.0,29074.5
2023-08-06 17:45:37,29078.99,29079.64,29071.0,29071.5,29074.0,29074.5
2023-08-06 17:45:52,29081.0,29081.64,29071.0,29071.5,29074.0,29074.5
2023-08-06 17:46:08,29080.57,29080.95,29071.0,29071.5,29074.0,29074.5
2023-08-06 17:46:24,29084.11,29084.62,29071.0,29071.5,29075.5,29076.0
2023-08-06 17:46:40,29085.0,29085.92,29071.0,29071.5,29075.5,29076.0
2023-08-06 17:46:56,29085.01,29085.44,29071.0,29071.5,29075.5,29076.0
2023-08-06 17:47:12,29084.56,29085.27,29071.0,29071.5,29075.5,29076.0
2023-08-06 17:47:29,29084.88,29084.89,29071.0,29071.5,29075.5,29076.0
2023-08-06 17:47:45,29089.93,29090.31,29080.5,29081.0,29075.5,29076.0
2023-08-06 17:48:02,29087.82,29088.52,29080.5,29081.0,29075.5,29076.0
2023-08-06 17:48:19,29085.28,29086.47,29080.5,29081.0,29078.5,29079.0
2023-08-06 17:48:34,29085.56,29085.85,29080.5,29081.0,29078.5,29079.0
2023-08-06 17:48:50,29083.49,29083.67,29080.5,29081.0,29076.5,29077.0
2023-08-06 17:49:06,29086.9,29087.33,29080.5,29081.0,29077.5,29078.0
2023-08-06 17:49:23,29085.01,29085.49,29080.5,29081.0,29077.5,29078.0
2023-08-06 17:49:38,29083.16,29083.8,29080.5,29081.0,29077.0,29077.5
2023-08-06 17:49:54,29086.1,29086.58,29080.5,29081.0,29077.0,29077.5
2023-08-06 17:50:11,29085.53,29085.99,29080.5,29081.0,29077.5,29078.0
2023-08-06 17:50:27,29085.32,29085.97,29080.5,29081.0,29077.5,29078.0
2023-08-06 17:50:42,29085.21,29085.34,29080.5,29081.0,29077.5,29078.0
2023-08-06 17:50:58,29079.64,29080.69,29077.0,29077.5,29077.0,29077.5
2023-08-06 17:51:14,29080.56,29081.17,29077.0,29077.5,29077.0,29077.5
2023-08-06 17:51:30,29081.1,29081.53,29077.0,29077.5,29077.0,29077.5
2023-08-06 17:51:46,29081.01,29081.11,29077.0,29077.5,29075.0,29075.5
2023-08-06 17:52:02,29081.91,29081.99,29077.0,29077.5,29075.0,29075.5
2023-08-06 17:52:17,29080.74,29081.25,29077.0,29077.5,29075.0,29075.5
2023-08-06 17:52:33,29080.37,29081.38,29077.0,29077.5,29075.0,29075.5
2023-08-06 17:52:49,29074.71,29075.27,29072.5,29073.0,29073.5,29074.0
2023-08-06 17:53:05,29075.18,29075.6,29069.5,29070.0,29068.0,29068.5
2023-08-06 17:53:21,29076.57,29077.19,29069.5,29070.0,29068.5,29069.0
2023-08-06 17:53:37,29072.29,29072.7,29069.5,29070.0,29068.0,29068.5
2023-08-06 17:53:53,29073.01,29073.51,29069.5,29070.0,29068.0,29068.5
2023-08-06 17:54:09,29078.89,29079.43,29069.5,29070.0,29068.5,29069.0
2023-08-06 17:54:26,29080.25,29081.26,29069.5,29070.0,29070.0,29070.5
2023-08-06 17:54:42,29083.43,29083.87,29069.5,29070.0,29070.0,29070.5
2023-08-06 17:54:58,29081.11,29081.96,29069.5,29070.0,29070.0,29070.5
2023-08-06 17:55:15,29081.83,29082.76,29069.5,29070.0,29071.5,29072.0
2023-08-06 17:55:32,29081.57,29082.27,29069.5,29070.0,29072.5,29073.0
2023-08-06 17:55:48,29082.0,29082.29,29069.5,29070.0,29073.0,29073.5
2023-08-06 17:56:05,29080.1,29081.3,29069.5,29070.0,29073.0,29073.5
2023-08-06 17:56:20,29079.16,29079.65,29069.5,29070.0,29073.0,29073.5
2023-08-06 17:56:36,29080.78,29081.66,29069.5,29070.0,29072.5,29073.0
2023-08-06 17:56:52,29077.77,29078.42,29069.5,29070.0,29072.0,29072.5
2023-08-06 17:57:08,29075.06,29075.82,29069.5,29070.0,29071.5,29072.0
2023-08-06 17:57:24,29075.32,29076.26,29069.5,29070.0,29070.5,29071.0
2023-08-06 17:57:39,29073.33,29074.18,29069.5,29070.0,29070.5,29071.0
2023-08-06 17:57:55,29076.7,29076.71,29069.5,29070.0,29070.5,29071.0
2023-08-06 17:58:11,29076.32,29076.33,29069.5,29070.0,29070.5,29071.0
2023-08-06 17:58:27,29076.31,29076.32,29069.5,29070.0,29070.5,29071.0
2023-08-06 17:58:42,29075.97,29075.98,29069.5,29070.0,29070.5,29071.0
2023-08-06 17:58:58,29075.05,29075.54,29069.5,29070.0,29070.5,29071.0
2023-08-06 17:59:14,29079.16,29079.86,29069.5,29070.0,29071.0,29071.5
2023-08-06 17:59:30,29078.1,29078.44,29069.5,29070.0,29071.0,29071.5
2023-08-06 17:59:46,29078.32,29078.94,29069.5,29070.0,29071.0,29071.5
2023-08-06 18:00:01,29078.65,29079.28,29069.5,29070.0,29071.0,29071.5
2023-08-06 18:00:17,29081.61,29081.72,29078.5,29079.0,29071.5,29072.0
2023-08-06 18:00:34,29083.76,29084.51,29080.0,29080.5,29074.5,29075.0
2023-08-06 18:00:50,29084.9,29085.72,29080.0,29080.5,29074.5,29075.0
2023-08-06 18:01:07,29088.89,29089.97,29080.0,29080.5,29081.0,29081.5
2023-08-06 18:01:23,29088.43,29089.03,29080.0,29080.5,29081.0,29081.5
2023-08-06 18:01:39,29088.82,29089.48,29080.0,29080.5,29081.0,29081.5
2023-08-06 18:01:55,29090.19,29090.87,29080.0,29080.5,29081.5,29082.0
2023-08-06 18:02:12,29089.3,29090.43,29086.0,29086.5,29085.0,29085.5
2023-08-06 18:02:27,29092.9,29093.57,29086.0,29086.5,29085.5,29086.0
2023-08-06 18:02:43,29092.55,29093.23,29086.0,29086.5,29085.5,29086.0
2023-08-06 18:02:59,29091.15,29091.84,29086.0,29086.5,29084.5,29085.0
2023-08-06 18:03:15,29091.45,29092.3,29086.0,29086.5,29084.5,29085.0
2023-08-06 18:03:31,29093.33,29094.26,29086.0,29086.5,29084.5,29085.0
2023-08-06 18:03:47,29093.69,29094.62,29086.0,29086.5,29084.5,29085.0
2023-08-06 18:04:04,29093.55,29094.68,29086.0,29086.5,29084.5,29085.0
2023-08-06 18:04:20,29092.19,29092.95,29086.0,29086.5,29084.5,29085.0
2023-08-06 18:04:36,29092.83,29093.64,29086.0,29086.5,29084.5,29085.0
2023-08-06 18:04:53,29091.03,29092.0,29086.0,29086.5,29084.0,29084.5
2023-08-06 18:05:09,29090.08,29090.78,29086.0,29086.5,29084.0,29084.5
2023-08-06 18:05:24,29087.91,29087.92,29086.0,29086.5,29083.5,29084.0
2023-08-06 18:05:40,29088.03,29088.54,29086.0,29086.5,29083.0,29083.5
2023-08-06 18:05:56,29088.11,29088.43,29086.0,29086.5,29083.0,29083.5
2023-08-06 18:06:12,29087.55,29087.71,29086.0,29086.5,29083.0,29083.5
2023-08-06 18:06:28,29088.31,29089.07,29086.0,29086.5,29083.0,29083.5
2023-08-06 18:06:43,29088.15,29088.5,29086.0,29086.5,29083.0,29083.5
2023-08-06 18:06:59,29090.05,29090.72,29086.0,29086.5,29083.0,29083.5
2023-08-06 18:07:15,29090.24,29090.39,29086.0,29086.5,29083.0,29083.5
2023-08-06 18:07:31,29088.15,29088.51,29086.0,29086.5,29083.0,29083.5
2023-08-06 18:07:46,29087.75,29088.63,29086.0,29086.5,29083.0,29083.5
2023-08-06 18:08:02,29088.65,29089.25,29086.0,29086.5,29083.0,29083.5
2023-08-06 18:08:18,29087.5,29088.46,29086.0,29086.5,29083.0,29083.5
2023-08-06 18:08:34,29088.34,29088.85,29086.0,29086.5,29081.0,29081.5
2023-08-06 18:08:50,29086.34,29087.03,29086.0,29086.5,29079.0,29079.5
2023-08-06 18:09:06,29086.04,29086.83,29086.0,29086.5,29078.5,29079.0
2023-08-06 18:09:23,29086.31,29086.88,29086.0,29086.5,29078.5,29079.0
2023-08-06 18:09:40,29086.4,29087.19,29086.0,29086.5,29078.5,29079.0
2023-08-06 18:09:56,29087.19,29087.97,29086.0,29086.5,29079.0,29079.5
2023-08-06 18:10:12,29084.36,29085.2,29086.0,29086.5,29079.0,29079.5
2023-08-06 18:10:28,29083.12,29083.38,29081.0,29081.5,29076.0,29076.5
2023-08-06 18:10:44,29081.95,29082.45,29081.0,29081.5,29076.0,29076.5
2023-08-06 18:11:00,29080.1,29080.85,29081.0,29081.5,29076.0,29076.5
2023-08-06 18:11:17,29081.3,29081.98,29081.0,29081.5,29076.0,29076.5
