timestamp,Binance_BTCTUSD_bid,Binance_BTCTUSD_ask,Deribit_BTCPERPETUAL_bid,Deribit_BTCPERPETUAL_ask,Bitget_BTCUSDTUMCBL_bid,Bitget_BTCUSDTUMCBL_ask
2023-08-03 19:55:04,29255.21,29255.4,29287.5,29288.0,29274.0,29274.5
2023-08-03 19:55:14,29252.2,29253.39,29287.5,29288.0,29274.0,29274.5
2023-08-03 19:55:26,29255.56,29256.48,29287.5,29288.0,29274.0,29274.5
2023-08-03 19:55:36,29251.41,29251.76,29287.5,29288.0,29274.0,29274.5
2023-08-03 19:55:47,29252.76,29252.77,29287.5,29288.0,29274.0,29274.5
2023-08-03 19:55:58,29248.26,29248.95,29285.0,29285.5,29270.5,29271.0
2023-08-03 19:56:09,29245.98,29246.05,29285.0,29285.5,29270.5,29271.0
2023-08-03 19:56:20,29247.06,29248.01,29283.5,29284.0,29269.5,29270.0
2023-08-03 19:56:30,29251.54,29252.4,29286.5,29287.0,29270.0,29270.5
2023-08-03 19:56:41,29252.37,29253.02,29286.5,29287.0,29271.0,29271.5
2023-08-03 19:56:52,29251.41,29252.33,29286.5,29287.0,29271.0,29271.5
2023-08-03 19:57:03,29251.12,29251.88,29286.5,29287.0,29271.0,29271.5
2023-08-03 19:57:14,29253.33,29253.98,29286.5,29287.0,29272.0,29272.5
2023-08-03 19:57:24,29258.95,29260.03,29287.5,29288.0,29274.5,29275.0
2023-08-03 19:57:35,29258.61,29259.75,29287.5,29288.0,29274.5,29275.0
2023-08-03 19:57:46,29256.02,29256.7,29287.5,29288.0,29274.5,29275.0
2023-08-03 19:57:57,29256.0,29256.27,29287.5,29288.0,29274.5,29275.0
2023-08-03 19:58:07,29255.78,29256.0,29287.5,29288.0,29274.5,29275.0
2023-08-03 19:58:18,29260.67,29262.32,29288.0,29288.5,29277.5,29278.0
2023-08-03 19:58:29,29262.04,29263.04,29293.0,29293.5,29282.0,29282.5
2023-08-03 19:58:40,29260.85,29261.52,29293.0,29293.5,29282.0,29282.5
2023-08-03 19:58:51,29261.28,29261.93,29293.0,29293.5,29281.5,29282.0
2023-08-03 19:59:01,29255.95,29256.87,29293.0,29293.5,29281.5,29282.0
2023-08-03 19:59:12,29249.61,29250.98,29285.0,29285.5,29275.0,29275.5
2023-08-03 19:59:23,29245.65,29246.29,29284.0,29284.5,29270.5,29271.0
2023-08-03 19:59:34,29250.77,29251.42,29284.0,29284.5,29270.0,29270.5
2023-08-03 19:59:44,29243.79,29244.64,29276.5,29277.0,29265.0,29265.5
2023-08-03 19:59:55,29246.8,29248.15,29276.5,29277.0,29265.0,29265.5
2023-08-03 20:00:06,29238.84,29240.32,29273.5,29274.0,29260.0,29261.0
2023-08-03 20:00:17,29239.0,29239.55,29273.5,29274.0,29261.0,29261.5
2023-08-03 20:00:28,29236.21,29236.95,29273.5,29274.0,29259.0,29259.5
2023-08-03 20:00:38,29239.57,29240.56,29273.5,29274.0,29258.5,29259.0
2023-08-03 20:00:49,29246.84,29247.7,29274.0,29274.5,29261.0,29261.5
2023-08-03 20:01:00,29246.94,29247.56,29283.0,29283.5,29264.5,29265.0
2023-08-03 20:01:11,29256.39,29259.87,29292.5,29293.0,29284.0,29284.5
2023-08-03 20:01:22,29273.77,29275.77,29307.0,29307.5,29293.0,29293.5
2023-08-03 20:01:33,29283.04,29284.26,29315.0,29315.5,29301.0,29301.5
2023-08-03 20:01:44,29282.38,29283.99,29318.5,29319.0,29304.0,29304.5
2023-08-03 20:01:54,29283.12,29284.72,29319.5,29320.0,29301.5,29302.0
2023-08-03 20:02:05,29275.49,29277.16,29315.0,29315.5,29299.0,29299.5
2023-08-03 20:02:16,29286.96,29287.48,29317.5,29318.0,29301.5,29302.0
2023-08-03 20:02:27,29272.07,29273.93,29312.5,29313.0,29296.0,29296.5
2023-08-03 20:02:38,29267.51,29268.81,29307.5,29308.0,29289.5,29290.0
2023-08-03 20:02:48,29268.0,29269.06,29307.5,29308.0,29291.0,29291.5
2023-08-03 20:02:59,29265.2,29266.67,29307.5,29308.0,29289.5,29290.0
2023-08-03 20:03:10,29266.22,29267.07,29305.0,29305.5,29290.0,29290.5
2023-08-03 20:03:21,29269.16,29270.46,29305.0,29305.5,29290.5,29291.0
2023-08-03 20:03:32,29264.84,29265.96,29305.0,29305.5,29290.5,29291.0
2023-08-03 20:03:42,29265.03,29266.0,29305.0,29305.5,29290.5,29291.0
2023-08-03 20:03:53,29272.88,29273.99,29305.0,29305.5,29290.5,29291.0
2023-08-03 20:04:04,29269.82,29270.08,29305.0,29305.5,29291.0,29291.5
2023-08-03 20:04:15,29274.0,29275.25,29310.5,29311.0,29291.0,29291.5
2023-08-03 20:04:26,29282.52,29283.82,29315.0,29315.5,29299.5,29300.0
2023-08-03 20:04:36,29280.59,29281.84,29315.0,29315.5,29299.5,29300.0
2023-08-03 20:04:47,29283.24,29283.87,29318.0,29318.5,29304.0,29304.5
2023-08-03 20:04:58,29279.0,29280.17,29318.0,29318.5,29304.0,29304.5
2023-08-03 20:05:09,29268.31,29269.25,29309.0,29309.5,29293.5,29294.0
2023-08-03 20:05:20,29277.0,29277.73,29313.5,29314.0,29296.0,29296.5
2023-08-03 20:05:31,29274.6,29275.38,29313.5,29314.0,29295.5,29296.0
2023-08-03 20:05:41,29273.26,29273.57,29313.5,29314.0,29295.5,29296.0
2023-08-03 20:05:52,29275.1,29275.93,29313.5,29314.0,29295.5,29296.0
2023-08-03 20:06:03,29266.85,29267.23,29311.0,29311.5,29291.0,29292.0
2023-08-03 20:06:14,29260.54,29261.91,29300.5,29301.0,29284.5,29285.0
2023-08-03 20:06:25,29267.11,29267.7,29300.5,29301.0,29284.5,29285.0
2023-08-03 20:06:35,29269.91,29270.11,29305.5,29306.0,29286.0,29286.5
2023-08-03 20:06:46,29268.39,29269.22,29305.5,29306.0,29286.0,29286.5
2023-08-03 20:06:57,29268.16,29268.81,29305.5,29306.0,29286.5,29287.0
2023-08-03 20:07:08,29272.79,29273.58,29311.0,29311.5,29288.5,29289.0
2023-08-03 20:07:18,29270.1,29270.79,29311.0,29311.5,29288.5,29289.0
2023-08-03 20:07:29,29266.63,29267.39,29311.0,29311.5,29289.5,29290.0
2023-08-03 20:07:40,29266.8,29267.5,29311.0,29311.5,29288.0,29288.5
2023-08-03 20:07:51,29265.71,29266.39,29311.0,29311.5,29288.0,29288.5
2023-08-03 20:08:01,29263.69,29264.0,29308.0,29308.5,29288.0,29288.5
2023-08-03 20:08:12,29264.1,29265.69,29303.5,29304.0,29284.5,29285.0
2023-08-03 20:08:23,29261.26,29262.26,29303.5,29304.0,29284.0,29284.5
2023-08-03 20:08:34,29258.21,29258.96,29303.5,29304.0,29282.5,29283.0
2023-08-03 20:08:45,29256.59,29257.29,29303.5,29304.0,29281.0,29281.5
2023-08-03 20:08:55,29254.41,29255.59,29303.5,29304.0,29279.0,29279.5
2023-08-03 20:09:06,29255.14,29256.61,29303.5,29304.0,29279.0,29279.5
2023-08-03 20:09:17,29259.03,29260.47,29303.5,29304.0,29279.0,29279.5
2023-08-03 20:09:28,29253.95,29255.17,29296.0,29296.5,29279.0,29279.5
2023-08-03 20:09:38,29250.5,29251.54,29296.0,29296.5,29279.0,29279.5
2023-08-03 20:09:49,29256.06,29257.55,29296.0,29296.5,29279.0,29279.5
2023-08-03 20:10:00,29259.1,29259.95,29296.0,29296.5,29279.0,29279.5
2023-08-03 20:10:11,29259.92,29260.6,29296.0,29296.5,29279.0,29279.5
2023-08-03 20:10:21,29260.8,29261.31,29296.0,29296.5,29279.0,29279.5
2023-08-03 20:10:32,29263.34,29264.4,29300.5,29301.0,29279.0,29279.5
2023-08-03 20:10:43,29261.5,29262.48,29300.5,29301.0,29279.0,29279.5
2023-08-03 20:10:54,29256.1,29257.11,29300.5,29301.0,29279.0,29279.5
2023-08-03 20:11:05,29251.04,29252.28,29297.5,29298.0,29278.5,29279.0
2023-08-03 20:11:15,29247.43,29248.55,29287.0,29287.5,29271.0,29271.5
2023-08-03 20:11:26,29255.08,29255.99,29289.5,29290.0,29274.0,29274.5
2023-08-03 20:11:37,29257.02,29258.02,29289.5,29290.0,29274.0,29274.5
2023-08-03 20:11:48,29260.53,29261.5,29289.5,29290.0,29277.5,29278.0
2023-08-03 20:11:59,29255.19,29255.96,29289.5,29290.0,29277.5,29278.0
2023-08-03 20:12:09,29258.09,29258.69,29289.5,29290.0,29277.5,29278.0
2023-08-03 20:12:20,29261.2,29261.88,29297.5,29298.0,29279.0,29279.5
2023-08-03 20:12:31,29262.15,29263.14,29297.5,29298.0,29279.0,29279.5
2023-08-03 20:12:42,29269.25,29270.23,29306.0,29306.5,29288.0,29288.5
2023-08-03 20:12:52,29265.84,29266.74,29306.0,29306.5,29289.0,29289.5
2023-08-03 20:13:03,29269.95,29270.43,29306.5,29307.0,29293.0,29293.5
2023-08-03 20:13:14,29270.91,29271.51,29306.5,29307.0,29292.5,29293.0
2023-08-03 20:13:25,29271.09,29272.25,29306.5,29307.0,29292.5,29293.0
2023-08-03 20:13:36,29279.0,29279.8,29314.5,29315.0,29298.0,29298.5
2023-08-03 20:13:46,29279.01,29280.03,29314.5,29315.0,29301.0,29301.5
2023-08-03 20:13:57,29279.58,29280.16,29314.5,29315.0,29302.0,29302.5
2023-08-03 20:14:08,29278.85,29279.32,29314.5,29315.0,29302.0,29302.5
2023-08-03 20:14:19,29281.34,29282.46,29314.5,29315.0,29302.0,29302.5
2023-08-03 20:14:30,29278.74,29279.56,29315.0,29315.5,29301.5,29302.0
2023-08-03 20:14:40,29280.06,29281.03,29315.0,29315.5,29301.0,29301.5
2023-08-03 20:14:51,29278.28,29279.42,29315.0,29315.5,29301.5,29302.0
2023-08-03 20:15:02,29282.02,29282.91,29315.0,29315.5,29302.0,29302.5
2023-08-03 20:15:13,29277.84,29278.79,29315.0,29315.5,29302.0,29302.5
2023-08-03 20:15:24,29273.3,29273.86,29315.0,29315.5,29296.5,29297.0
2023-08-03 20:15:34,29275.01,29275.73,29315.0,29315.5,29297.0,29297.5
2023-08-03 20:15:45,29277.06,29278.02,29315.0,29315.5,29298.5,29299.0
2023-08-03 20:15:56,29277.18,29278.13,29315.0,29315.5,29299.0,29299.5
2023-08-03 20:16:07,29275.23,29275.95,29315.0,29315.5,29299.0,29299.5
2023-08-03 20:16:18,29275.24,29276.83,29315.0,29315.5,29298.5,29299.0
2023-08-03 20:16:28,29279.9,29280.63,29321.5,29322.0,29299.5,29300.0
2023-08-03 20:16:39,29276.81,29277.19,29321.5,29322.0,29299.5,29300.0
2023-08-03 20:16:50,29278.34,29279.31,29321.5,29322.0,29299.0,29299.5
2023-08-03 20:17:01,29274.6,29275.26,29321.5,29322.0,29296.5,29297.0
2023-08-03 20:17:11,29273.87,29274.41,29320.5,29321.0,29296.0,29296.5
2023-08-03 20:17:22,29272.46,29272.99,29320.5,29321.0,29296.0,29296.5
2023-08-03 20:17:33,29273.71,29273.97,29320.5,29321.0,29296.0,29296.5
2023-08-03 20:17:44,29272.64,29273.45,29320.5,29321.0,29297.0,29297.5
2023-08-03 20:17:55,29273.15,29274.15,29320.5,29321.0,29297.0,29297.5
2023-08-03 20:18:05,29275.61,29276.29,29320.5,29321.0,29297.0,29297.5
2023-08-03 20:18:16,29276.08,29276.84,29320.5,29321.0,29297.0,29297.5
2023-08-03 20:18:27,29279.69,29280.75,29320.5,29321.0,29297.5,29298.0
2023-08-03 20:18:38,29281.02,29281.99,29320.5,29321.0,29299.0,29299.5
2023-08-03 20:18:49,29285.9,29287.11,29320.5,29321.0,29304.5,29305.0
2023-08-03 20:18:59,29282.99,29283.76,29320.5,29321.0,29304.5,29305.0
2023-08-03 20:19:10,29283.0,29283.25,29320.5,29321.0,29304.5,29305.0
2023-08-03 20:19:21,29286.73,29288.43,29320.5,29321.0,29304.5,29305.0
2023-08-03 20:19:32,29289.48,29290.42,29329.0,29329.5,29311.0,29311.5
2023-08-03 20:19:42,29287.38,29288.22,29329.0,29329.5,29311.0,29311.5
2023-08-03 20:19:53,29288.67,29289.07,29329.0,29329.5,29309.0,29309.5
2023-08-03 20:20:04,29297.46,29298.6,29335.5,29336.0,29319.5,29320.0
2023-08-03 20:20:15,29290.97,29291.0,29335.5,29336.0,29313.5,29314.0
2023-08-03 20:20:26,29295.48,29296.4,29335.5,29336.0,29313.5,29314.0
2023-08-03 20:20:37,29287.59,29288.48,29334.5,29335.0,29312.0,29312.5
2023-08-03 20:20:48,29291.85,29292.49,29334.5,29335.0,29312.0,29312.5
2023-08-03 20:20:58,29294.23,29295.13,29334.5,29335.0,29315.0,29315.5
2023-08-03 20:21:09,29293.15,29294.28,29334.5,29335.0,29314.5,29315.0
2023-08-03 20:21:20,29294.22,29295.03,29334.5,29335.0,29314.5,29315.0
2023-08-03 20:21:31,29294.0,29294.97,29334.5,29335.0,29314.5,29315.0
2023-08-03 20:21:42,29290.28,29291.11,29334.5,29335.0,29314.0,29314.5
2023-08-03 20:21:53,29291.12,29292.0,29334.5,29335.0,29314.0,29314.5
2023-08-03 20:22:03,29294.47,29295.18,29334.5,29335.0,29314.0,29314.5
2023-08-03 20:22:14,29293.31,29293.72,29334.5,29335.0,29314.0,29314.5
2023-08-03 20:22:25,29296.69,29297.96,29334.5,29335.0,29314.0,29314.5
2023-08-03 20:22:36,29296.49,29296.86,29334.5,29335.0,29314.0,29314.5
2023-08-03 20:22:47,29296.58,29296.95,29334.5,29335.0,29314.0,29314.5
2023-08-03 20:22:57,29297.43,29298.02,29334.5,29335.0,29315.0,29315.5
2023-08-03 20:23:08,29298.91,29299.62,29334.5,29335.0,29316.5,29317.0
2023-08-03 20:23:19,29294.54,29295.04,29334.5,29335.0,29317.0,29317.5
2023-08-03 20:23:30,29294.65,29294.98,29334.5,29335.0,29317.0,29317.5
2023-08-03 20:23:41,29292.49,29292.99,29334.5,29335.0,29317.0,29317.5
2023-08-03 20:23:52,29294.76,29295.21,29334.5,29335.0,29317.0,29317.5
2023-08-03 20:24:02,29291.74,29292.27,29334.5,29335.0,29315.5,29316.0
2023-08-03 20:24:13,29297.66,29298.33,29334.5,29335.0,29316.0,29316.5
2023-08-03 20:24:24,29298.57,29299.57,29334.5,29335.0,29316.5,29317.0
2023-08-03 20:24:35,29299.09,29300.09,29334.5,29335.0,29316.5,29317.0
2023-08-03 20:24:46,29302.94,29303.91,29334.5,29335.0,29317.0,29317.5
2023-08-03 20:24:56,29302.28,29303.34,29339.5,29340.0,29325.0,29325.5
2023-08-03 20:25:07,29305.0,29305.27,29339.5,29340.0,29325.5,29326.0
2023-08-03 20:25:18,29305.48,29306.41,29339.5,29340.0,29325.5,29326.0
2023-08-03 20:25:29,29305.09,29305.89,29339.5,29340.0,29326.0,29326.5
2023-08-03 20:25:39,29306.13,29307.24,29339.5,29340.0,29325.5,29326.0
2023-08-03 20:25:50,29307.34,29308.08,29339.5,29340.0,29325.5,29326.0
2023-08-03 20:26:01,29302.84,29303.81,29339.5,29340.0,29325.5,29326.0
2023-08-03 20:26:12,29304.5,29304.85,29339.5,29340.0,29325.5,29326.0
2023-08-03 20:26:22,29307.4,29308.24,29339.5,29340.0,29325.5,29326.0
2023-08-03 20:26:33,29310.17,29310.84,29339.5,29340.0,29328.5,29329.0
2023-08-03 20:26:44,29310.42,29311.44,29346.5,29347.0,29333.0,29333.5
2023-08-03 20:26:55,29309.7,29310.42,29346.5,29347.0,29330.0,29334.0
2023-08-03 20:27:05,29315.9,29316.99,29346.5,29347.0,29334.5,29335.0
2023-08-03 20:27:16,29312.93,29313.41,29346.5,29347.0,29333.0,29333.5
2023-08-03 20:27:27,29313.62,29314.63,29346.5,29347.0,29333.5,29335.0
2023-08-03 20:27:38,29312.75,29313.96,29346.5,29347.0,29335.5,29336.0
2023-08-03 20:27:49,29312.27,29313.12,29346.5,29347.0,29333.0,29334.5
2023-08-03 20:28:00,29313.63,29314.35,29346.5,29347.0,29334.0,29334.5
2023-08-03 20:28:10,29312.23,29313.36,29346.5,29347.0,29333.0,29334.0
2023-08-03 20:28:21,29309.75,29310.84,29346.5,29347.0,29331.5,29334.0
2023-08-03 20:28:32,29311.6,29312.64,29346.5,29347.0,29333.0,29333.5
2023-08-03 20:28:43,29314.62,29315.5,29346.5,29347.0,29333.5,29334.0
2023-08-03 20:28:54,29312.34,29313.31,29346.5,29347.0,29333.5,29334.0
2023-08-03 20:29:04,29315.77,29316.55,29346.5,29347.0,29334.5,29335.0
2023-08-03 20:29:15,29313.73,29314.71,29348.5,29349.0,29336.5,29337.0
2023-08-03 20:29:26,29312.82,29313.87,29348.5,29349.0,29333.5,29334.0
2023-08-03 20:29:37,29303.89,29305.13,29345.0,29345.5,29331.5,29332.0
2023-08-03 20:29:48,29305.36,29306.23,29345.0,29345.5,29328.5,29329.0
2023-08-03 20:29:58,29305.29,29305.82,29345.0,29345.5,29329.0,29329.5
2023-08-03 20:30:09,29316.86,29318.43,29356.5,29357.0,29339.5,29340.0
2023-08-03 20:30:20,29311.48,29312.5,29350.5,29351.0,29337.5,29338.0
2023-08-03 20:30:31,29305.33,29307.01,29342.0,29342.5,29329.0,29329.5
2023-08-03 20:30:41,29307.29,29308.0,29344.5,29345.0,29328.5,29329.0
2023-08-03 20:30:52,29310.26,29310.85,29347.5,29348.0,29328.5,29329.0
2023-08-03 20:31:03,29315.36,29317.33,29349.5,29350.0,29335.0,29335.5
2023-08-03 20:31:14,29313.36,29314.67,29350.5,29351.0,29338.5,29339.0
2023-08-03 20:31:25,29295.29,29298.0,29336.0,29336.5,29328.5,29329.0
2023-08-03 20:31:35,29299.41,29300.85,29336.0,29336.5,29322.0,29322.5
2023-08-03 20:31:46,29288.03,29289.45,29334.0,29334.5,29315.5,29316.0
2023-08-03 20:31:57,29285.48,29287.15,29328.0,29328.5,29306.5,29307.0
2023-08-03 20:32:08,29290.92,29292.74,29328.0,29328.5,29309.0,29309.5
2023-08-03 20:32:19,29283.03,29283.68,29328.0,29328.5,29308.5,29309.0
2023-08-03 20:32:29,29280.21,29281.39,29325.0,29325.5,29305.5,29306.0
2023-08-03 20:32:40,29276.4,29277.41,29320.5,29321.0,29304.0,29304.5
2023-08-03 20:32:51,29269.03,29270.87,29311.5,29312.0,29295.0,29295.5
2023-08-03 20:33:02,29269.06,29271.18,29308.0,29308.5,29289.0,29289.5
2023-08-03 20:33:13,29264.38,29267.32,29308.0,29308.5,29289.0,29289.5
2023-08-03 20:33:24,29271.43,29273.05,29308.0,29308.5,29292.0,29293.0
2023-08-03 20:33:34,29274.22,29274.98,29308.0,29308.5,29292.5,29293.0
2023-08-03 20:33:45,29272.05,29272.71,29308.0,29308.5,29292.5,29293.0
2023-08-03 20:33:56,29278.91,29280.0,29311.5,29312.0,29294.5,29295.0
2023-08-03 20:34:07,29277.97,29279.95,29311.5,29312.0,29295.0,29295.5
2023-08-03 20:34:17,29276.01,29276.94,29316.0,29316.5,29299.5,29300.0
2023-08-03 20:34:28,29273.15,29274.37,29315.0,29315.5,29299.0,29299.5
2023-08-03 20:34:39,29269.27,29270.18,29311.5,29312.0,29294.0,29294.5
2023-08-03 20:34:50,29264.57,29265.82,29305.5,29306.0,29287.0,29287.5
2023-08-03 20:35:00,29268.62,29270.75,29305.5,29306.0,29288.0,29288.5
2023-08-03 20:35:11,29263.82,29265.01,29305.5,29306.0,29286.5,29287.0
2023-08-03 20:35:22,29252.6,29253.9,29292.5,29293.0,29274.0,29274.5
2023-08-03 20:35:33,29250.45,29251.92,29291.5,29292.0,29273.5,29274.0
2023-08-03 20:35:44,29252.14,29253.6,29291.5,29292.0,29271.0,29271.5
2023-08-03 20:35:54,29256.52,29256.7,29291.5,29292.0,29273.5,29274.0
2023-08-03 20:36:05,29256.13,29256.92,29291.5,29292.0,29274.0,29274.5
2023-08-03 20:36:16,29257.64,29259.11,29293.0,29293.5,29274.0,29274.5
2023-08-03 20:36:27,29256.56,29257.47,29293.0,29293.5,29276.0,29276.5
2023-08-03 20:36:37,29254.15,29254.87,29293.0,29293.5,29275.5,29276.0
2023-08-03 20:36:48,29252.38,29253.0,29293.0,29293.5,29274.5,29275.0
2023-08-03 20:36:59,29254.33,29254.9,29293.0,29293.5,29274.5,29275.0
2023-08-03 20:37:10,29257.16,29258.31,29293.0,29293.5,29276.5,29277.0
2023-08-03 20:37:21,29258.71,29259.67,29293.0,29293.5,29276.0,29276.5
2023-08-03 20:37:31,29262.74,29263.74,29294.0,29294.5,29276.0,29276.5
2023-08-03 20:37:42,29265.04,29265.96,29294.0,29294.5,29281.5,29282.0
2023-08-03 20:37:53,29263.7,29264.91,29294.0,29294.5,29281.5,29282.0
2023-08-03 20:38:04,29259.5,29260.35,29294.0,29294.5,29281.5,29282.0
2023-08-03 20:38:15,29262.55,29263.44,29294.0,29294.5,29281.5,29282.0
2023-08-03 20:38:25,29260.44,29260.96,29294.0,29294.5,29280.0,29280.5
2023-08-03 20:38:36,29264.16,29264.99,29294.0,29294.5,29280.5,29281.0
2023-08-03 20:38:47,29261.03,29261.84,29294.0,29294.5,29280.5,29281.0
2023-08-03 20:38:58,29261.91,29262.53,29294.0,29294.5,29281.5,29282.0
2023-08-03 20:39:08,29263.0,29263.56,29294.0,29294.5,29281.5,29282.0
2023-08-03 20:39:19,29264.45,29264.75,29294.0,29294.5,29281.5,29282.0
2023-08-03 20:39:30,29262.06,29263.07,29294.0,29294.5,29282.0,29282.5
2023-08-03 20:39:41,29262.11,29263.0,29294.0,29294.5,29282.0,29282.5
2023-08-03 20:39:52,29262.88,29263.04,29294.0,29294.5,29282.0,29282.5
2023-08-03 20:40:02,29267.13,29267.92,29294.0,29294.5,29284.5,29285.0
2023-08-03 20:40:13,29266.1,29266.97,29294.0,29294.5,29284.5,29285.0
2023-08-03 20:40:24,29257.45,29258.3,29294.0,29294.5,29284.5,29285.0
2023-08-03 20:40:35,29254.66,29255.55,29294.0,29294.5,29284.5,29285.0
2023-08-03 20:40:46,29253.91,29254.6,29289.0,29289.5,29278.0,29278.5
2023-08-03 20:40:56,29260.3,29260.33,29289.0,29289.5,29279.0,29279.5
2023-08-03 20:41:07,29259.02,29259.97,29289.0,29289.5,29279.0,29279.5
2023-08-03 20:41:18,29255.01,29255.66,29289.0,29289.5,29278.0,29278.5
2023-08-03 20:41:29,29257.0,29257.51,29290.0,29290.5,29278.0,29278.5
2023-08-03 20:41:39,29256.04,29257.07,29290.0,29290.5,29278.0,29278.5
2023-08-03 20:41:50,29254.05,29254.92,29290.0,29290.5,29278.0,29278.5
2023-08-03 20:42:01,29255.38,29256.09,29290.0,29290.5,29278.0,29278.5
2023-08-03 20:42:12,29253.65,29254.96,29290.0,29290.5,29278.0,29278.5
2023-08-03 20:42:23,29247.37,29249.05,29282.5,29283.0,29277.0,29277.5
2023-08-03 20:42:33,29235.01,29236.35,29275.0,29275.5,29257.5,29258.0
2023-08-03 20:42:44,29244.55,29245.61,29275.0,29275.5,29260.5,29261.0
2023-08-03 20:42:55,29235.94,29237.13,29275.5,29276.0,29260.5,29261.0
2023-08-03 20:43:06,29235.66,29236.57,29275.5,29276.0,29255.0,29255.5
2023-08-03 20:43:17,29237.61,29238.77,29275.5,29276.0,29255.5,29256.0
2023-08-03 20:43:28,29233.56,29234.45,29273.0,29273.5,29253.5,29254.0
2023-08-03 20:43:38,29236.24,29237.48,29273.0,29273.5,29254.5,29255.0
2023-08-03 20:43:49,29235.89,29236.78,29273.0,29273.5,29254.5,29255.0
2023-08-03 20:44:00,29233.57,29233.85,29273.0,29273.5,29253.5,29254.0
2023-08-03 20:44:11,29235.71,29236.32,29273.0,29273.5,29254.0,29254.5
2023-08-03 20:44:22,29235.31,29235.85,29273.0,29273.5,29254.0,29254.5
2023-08-03 20:44:32,29239.73,29240.06,29273.0,29273.5,29254.5,29255.0
2023-08-03 20:44:43,29240.14,29240.34,29273.0,29273.5,29256.0,29256.5
2023-08-03 20:44:54,29243.62,29244.63,29273.0,29273.5,29259.0,29259.5
2023-08-03 20:45:05,29243.26,29243.74,29273.0,29273.5,29259.0,29259.5
2023-08-03 20:45:16,29244.83,29246.24,29276.0,29276.5,29260.5,29261.0
2023-08-03 20:45:26,29248.8,29249.76,29276.0,29276.5,29265.5,29266.0
2023-08-03 20:45:37,29253.5,29253.89,29285.0,29285.5,29271.0,29271.5
2023-08-03 20:45:48,29252.9,29253.59,29285.0,29285.5,29272.0,29272.5
2023-08-03 20:45:59,29252.94,29253.91,29285.0,29285.5,29272.0,29272.5
2023-08-03 20:46:09,29253.37,29253.87,29285.0,29285.5,29272.5,29273.0
2023-08-03 20:46:20,29254.64,29255.52,29285.0,29285.5,29274.5,29275.0
2023-08-03 20:46:31,29254.55,29255.19,29285.0,29285.5,29274.0,29274.5
2023-08-03 20:46:42,29255.15,29255.75,29285.0,29285.5,29274.0,29274.5
2023-08-03 20:46:53,29257.0,29257.77,29285.5,29286.0,29274.5,29275.0
2023-08-03 20:47:03,29258.79,29259.7,29285.5,29286.0,29275.0,29275.5
2023-08-03 20:47:14,29261.27,29263.17,29292.5,29293.0,29278.0,29278.5
2023-08-03 20:47:25,29261.34,29261.98,29292.5,29293.0,29279.5,29280.0
2023-08-03 20:47:36,29260.04,29260.94,29292.5,29293.0,29279.5,29280.0
2023-08-03 20:47:47,29258.08,29258.75,29292.5,29293.0,29277.5,29278.0
2023-08-03 20:47:57,29257.43,29258.49,29292.5,29293.0,29277.5,29278.0
2023-08-03 20:48:08,29257.99,29258.81,29292.5,29293.0,29277.5,29278.0
2023-08-03 20:48:19,29258.32,29259.7,29292.5,29293.0,29277.5,29278.0
2023-08-03 20:48:30,29256.74,29257.48,29292.5,29293.0,29277.0,29277.5
2023-08-03 20:48:41,29246.87,29247.8,29284.5,29285.0,29273.0,29274.0
2023-08-03 20:48:51,29246.36,29247.14,29282.5,29283.0,29270.0,29270.5
2023-08-03 20:49:02,29245.26,29246.44,29282.5,29283.0,29270.0,29270.5
2023-08-03 20:49:13,29250.09,29251.09,29282.5,29283.0,29270.0,29270.5
2023-08-03 20:49:24,29240.72,29241.14,29282.5,29283.0,29264.0,29264.5
2023-08-03 20:49:35,29235.23,29237.21,29277.0,29277.5,29263.0,29263.5
2023-08-03 20:49:46,29230.01,29230.95,29270.5,29271.0,29254.5,29255.0
2023-08-03 20:49:57,29233.59,29234.37,29268.5,29269.0,29252.5,29253.0
2023-08-03 20:50:07,29231.91,29232.85,29268.5,29269.0,29253.0,29253.5
2023-08-03 20:50:18,29234.56,29235.0,29268.0,29268.5,29252.5,29253.0
2023-08-03 20:50:29,29238.62,29239.55,29270.5,29271.0,29258.5,29259.0
2023-08-03 20:50:40,29237.99,29238.75,29270.5,29271.0,29257.5,29258.0
2023-08-03 20:50:50,29236.48,29237.36,29270.5,29271.0,29257.5,29258.0
2023-08-03 20:51:01,29239.72,29240.58,29270.5,29271.0,29258.0,29258.5
2023-08-03 20:51:12,29239.65,29240.85,29272.0,29272.5,29260.0,29260.5
2023-08-03 20:51:23,29240.45,29241.07,29272.0,29272.5,29258.5,29259.0
2023-08-03 20:51:34,29242.58,29243.23,29274.5,29275.0,29259.5,29260.0
2023-08-03 20:51:45,29245.02,29245.79,29276.5,29277.0,29261.0,29261.5
2023-08-03 20:51:56,29245.83,29246.52,29276.5,29277.0,29261.0,29261.5
2023-08-03 20:52:06,29246.09,29246.94,29276.5,29277.0,29264.0,29264.5
2023-08-03 20:52:17,29245.93,29246.95,29280.5,29281.0,29265.0,29265.5
2023-08-03 20:52:28,29245.47,29246.07,29280.5,29281.0,29265.5,29266.0
2023-08-03 20:52:39,29245.47,29245.48,29280.5,29281.0,29265.0,29265.5
2023-08-03 20:52:49,29245.04,29245.64,29280.5,29281.0,29265.0,29265.5
2023-08-03 20:53:00,29244.48,29245.45,29280.5,29281.0,29265.0,29265.5
2023-08-03 20:53:11,29248.63,29249.09,29283.0,29283.5,29268.0,29268.5
2023-08-03 20:53:22,29244.72,29245.48,29283.0,29283.5,29267.5,29268.0
2023-08-03 20:53:33,29245.66,29246.68,29283.0,29283.5,29267.5,29268.0
2023-08-03 20:53:43,29246.06,29246.99,29283.0,29283.5,29267.5,29268.0
2023-08-03 20:53:54,29249.58,29249.98,29283.0,29283.5,29267.5,29268.0
2023-08-03 20:54:05,29249.89,29250.99,29283.0,29283.5,29267.5,29268.0
2023-08-03 20:54:16,29250.2,29250.8,29283.0,29283.5,29267.5,29268.0
2023-08-03 20:54:27,29244.08,29245.24,29283.0,29283.5,29264.5,29265.0
2023-08-03 20:54:37,29243.89,29244.27,29280.0,29280.5,29264.0,29264.5
2023-08-03 20:54:48,29243.35,29243.36,29280.0,29280.5,29264.0,29264.5
2023-08-03 20:54:59,29244.2,29244.72,29280.0,29280.5,29264.0,29264.5
2023-08-03 20:55:10,29243.89,29243.99,29280.0,29280.5,29263.5,29264.0
2023-08-03 20:55:21,29245.3,29246.02,29280.0,29280.5,29263.5,29264.0
2023-08-03 20:55:31,29246.23,29247.16,29280.0,29280.5,29263.5,29264.0
2023-08-03 20:55:42,29256.1,29258.26,29292.5,29293.0,29271.5,29272.0
2023-08-03 20:55:53,29253.34,29254.35,29292.5,29293.0,29271.5,29272.0
2023-08-03 20:56:04,29254.07,29254.97,29292.5,29293.0,29271.5,29272.0
2023-08-03 20:56:15,29254.05,29254.4,29292.5,29293.0,29271.5,29272.0
2023-08-03 20:56:26,29253.03,29253.87,29292.5,29293.0,29271.5,29272.0
2023-08-03 20:56:37,29252.14,29252.79,29292.5,29293.0,29271.5,29272.0
2023-08-03 20:56:47,29258.44,29258.93,29292.5,29293.0,29272.5,29273.0
2023-08-03 20:56:58,29263.52,29264.59,29303.0,29303.5,29283.5,29284.0
2023-08-03 20:57:09,29252.57,29253.0,29292.5,29293.0,29275.5,29276.0
2023-08-03 20:57:20,29249.58,29250.55,29285.5,29286.0,29275.5,29276.0
2023-08-03 20:57:31,29250.09,29250.99,29285.5,29286.0,29271.0,29271.5
2023-08-03 20:57:41,29255.99,29257.19,29295.0,29295.5,29273.5,29274.0
2023-08-03 20:57:52,29267.57,29268.0,29303.0,29303.5,29285.0,29285.5
2023-08-03 20:58:03,29284.4,29285.27,29321.0,29321.5,29306.5,29307.0
2023-08-03 20:58:14,29292.78,29293.76,29328.0,29328.5,29313.5,29314.0
2023-08-03 20:58:25,29294.16,29295.05,29328.0,29328.5,29311.5,29312.0
2023-08-03 20:58:35,29286.29,29287.32,29318.0,29318.5,29305.0,29306.0
2023-08-03 20:58:46,29279.15,29281.35,29316.0,29316.5,29300.5,29301.5
2023-08-03 20:58:57,29272.93,29273.94,29313.0,29313.5,29293.5,29294.0
2023-08-03 20:59:08,29274.38,29275.57,29313.0,29313.5,29293.0,29293.5
2023-08-03 20:59:19,29271.19,29271.43,29310.0,29310.5,29292.5,29293.0
2023-08-03 20:59:30,29267.8,29268.52,29307.5,29308.0,29287.5,29288.0
2023-08-03 20:59:41,29267.52,29268.35,29307.5,29308.0,29286.5,29287.0
2023-08-03 20:59:51,29257.02,29259.51,29295.0,29295.5,29279.5,29280.0
2023-08-03 21:00:02,29266.75,29267.64,29302.0,29302.5,29283.5,29284.0
2023-08-03 21:00:13,29260.4,29261.34,29296.0,29296.5,29279.5,29280.0
2023-08-03 21:00:24,29259.29,29259.72,29296.0,29296.5,29278.0,29278.5
2023-08-03 21:00:35,29264.85,29265.96,29296.0,29296.5,29282.5,29283.0
2023-08-03 21:00:46,29266.32,29267.35,29297.0,29297.5,29282.5,29283.0
2023-08-03 21:00:57,29265.7,29266.44,29297.0,29297.5,29282.5,29283.0
2023-08-03 21:01:07,29264.59,29265.84,29297.0,29297.5,29282.5,29283.0
2023-08-03 21:01:18,29269.49,29270.45,29302.5,29303.0,29286.5,29287.0
2023-08-03 21:01:29,29262.56,29263.2,29300.5,29301.0,29283.5,29284.0
2023-08-03 21:01:40,29261.09,29261.47,29300.5,29301.0,29283.5,29284.0
2023-08-03 21:01:51,29261.47,29262.35,29295.0,29295.5,29279.0,29279.5
2023-08-03 21:02:01,29262.22,29263.82,29295.0,29295.5,29279.0,29279.5
2023-08-03 21:02:12,29278.0,29278.9,29310.5,29311.0,29292.5,29293.0
2023-08-03 21:02:23,29273.11,29274.46,29310.5,29311.0,29292.5,29293.0
2023-08-03 21:02:34,29284.32,29284.5,29314.5,29315.0,29299.5,29300.0
2023-08-03 21:02:44,29284.01,29284.45,29315.0,29315.5,29299.5,29300.0
2023-08-03 21:02:55,29286.62,29287.44,29324.0,29324.5,29301.5,29302.0
2023-08-03 21:03:06,29284.34,29285.16,29324.0,29324.5,29303.5,29304.0
2023-08-03 21:03:17,29284.42,29285.17,29324.0,29324.5,29303.5,29304.0
2023-08-03 21:03:28,29281.73,29282.68,29324.0,29324.5,29302.0,29302.5
2023-08-03 21:03:38,29286.58,29287.05,29324.0,29324.5,29303.0,29303.5
2023-08-03 21:03:49,29288.03,29288.27,29324.0,29324.5,29303.0,29303.5
2023-08-03 21:04:00,29291.34,29292.36,29324.0,29324.5,29309.0,29309.5
2023-08-03 21:04:11,29291.13,29291.95,29324.0,29324.5,29309.5,29310.0
2023-08-03 21:04:22,29291.77,29291.98,29324.0,29324.5,29309.5,29310.0
2023-08-03 21:04:32,29285.8,29288.0,29324.0,29324.5,29309.5,29310.0
2023-08-03 21:04:43,29286.75,29287.17,29324.0,29324.5,29308.0,29308.5
2023-08-03 21:04:54,29287.91,29288.79,29324.0,29324.5,29308.0,29308.5
2023-08-03 21:05:05,29289.13,29290.25,29324.0,29324.5,29308.0,29308.5
2023-08-03 21:05:16,29293.0,29293.95,29324.0,29324.5,29309.5,29310.0
2023-08-03 21:05:26,29298.22,29299.12,29334.5,29335.0,29313.5,29314.0
2023-08-03 21:05:37,29300.29,29301.0,29334.5,29335.0,29318.0,29319.0
2023-08-03 21:05:48,29293.3,29293.88,29334.5,29335.0,29315.5,29316.0
2023-08-03 21:05:59,29294.95,29295.29,29334.5,29335.0,29315.0,29315.5
2023-08-03 21:06:10,29293.53,29294.52,29334.5,29335.0,29313.5,29314.0
2023-08-03 21:06:20,29292.93,29294.35,29333.5,29334.0,29313.5,29314.0
2023-08-03 21:06:31,29293.82,29294.33,29333.5,29334.0,29313.5,29314.0
2023-08-03 21:06:42,29294.69,29294.98,29333.5,29334.0,29313.5,29314.0
2023-08-03 21:06:53,29286.46,29287.46,29333.5,29334.0,29309.5,29310.0
2023-08-03 21:07:04,29285.94,29286.79,29326.0,29326.5,29307.5,29308.0
2023-08-03 21:07:14,29286.09,29286.75,29326.0,29326.5,29306.0,29306.5
2023-08-03 21:07:25,29288.31,29289.31,29326.0,29326.5,29306.5,29307.0
2023-08-03 21:07:36,29285.97,29286.41,29326.0,29326.5,29306.5,29307.0
2023-08-03 21:07:47,29281.6,29282.02,29319.5,29320.0,29301.5,29302.0
2023-08-03 21:07:58,29275.22,29276.35,29315.0,29315.5,29297.0,29297.5
2023-08-03 21:08:08,29275.63,29275.95,29315.0,29315.5,29293.5,29294.0
2023-08-03 21:08:19,29275.84,29276.21,29315.0,29315.5,29293.5,29294.0
2023-08-03 21:08:30,29274.65,29275.2,29314.0,29314.5,29292.0,29292.5
2023-08-03 21:08:41,29274.94,29275.24,29314.0,29314.5,29292.0,29292.5
2023-08-03 21:08:52,29273.69,29274.09,29314.0,29314.5,29291.5,29292.0
2023-08-03 21:09:03,29273.02,29273.67,29314.0,29314.5,29291.0,29291.5
2023-08-03 21:09:13,29272.63,29273.52,29314.0,29314.5,29291.0,29291.5
2023-08-03 21:09:24,29271.8,29272.83,29314.0,29314.5,29291.0,29291.5
2023-08-03 21:09:35,29272.29,29273.0,29314.0,29314.5,29291.0,29291.5
2023-08-03 21:09:46,29269.73,29270.78,29314.0,29314.5,29290.5,29291.5
2023-08-03 21:09:57,29273.69,29273.97,29314.0,29314.5,29291.0,29291.5
2023-08-03 21:10:08,29270.54,29271.18,29314.0,29314.5,29290.0,29290.5
2023-08-03 21:10:18,29272.51,29273.35,29314.0,29314.5,29290.0,29290.5
2023-08-03 21:10:29,29272.66,29273.09,29314.0,29314.5,29290.0,29290.5
2023-08-03 21:10:40,29265.0,29265.79,29309.5,29310.0,29284.5,29285.0
2023-08-03 21:10:51,29265.69,29266.58,29309.5,29310.0,29283.5,29284.0
2023-08-03 21:11:02,29267.01,29267.49,29309.5,29310.0,29282.5,29283.0
2023-08-03 21:11:13,29266.64,29267.04,29309.5,29310.0,29282.5,29283.0
2023-08-03 21:11:23,29266.78,29267.49,29309.5,29310.0,29283.0,29283.5
2023-08-03 21:11:34,29267.93,29268.71,29309.5,29310.0,29283.5,29284.0
2023-08-03 21:11:45,29266.47,29267.12,29309.5,29310.0,29283.5,29284.0
2023-08-03 21:11:56,29274.16,29274.89,29309.5,29310.0,29283.5,29284.0
2023-08-03 21:12:07,29273.98,29274.75,29311.5,29312.0,29289.0,29289.5
2023-08-03 21:12:18,29280.06,29281.07,29315.5,29316.0,29291.0,29291.5
2023-08-03 21:12:28,29282.7,29283.81,29318.5,29319.0,29292.5,29293.0
2023-08-03 21:12:39,29285.01,29285.65,29318.5,29319.0,29299.0,29299.5
2023-08-03 21:12:50,29283.55,29284.22,29318.5,29319.0,29299.0,29299.5
2023-08-03 21:13:01,29283.86,29284.06,29318.5,29319.0,29299.0,29299.5
2023-08-03 21:13:11,29291.05,29291.81,29329.5,29330.0,29305.5,29306.0
2023-08-03 21:13:22,29293.32,29293.98,29329.5,29330.0,29309.5,29310.0
2023-08-03 21:13:33,29293.09,29293.87,29329.5,29330.0,29310.0,29310.5
2023-08-03 21:13:44,29292.61,29293.0,29329.5,29330.0,29309.5,29310.0
2023-08-03 21:13:55,29286.92,29287.48,29329.5,29330.0,29307.5,29308.0
2023-08-03 21:14:06,29280.21,29281.24,29321.0,29321.5,29301.0,29301.5
2023-08-03 21:14:17,29280.89,29281.75,29321.0,29321.5,29301.0,29301.5
2023-08-03 21:14:27,29280.79,29281.53,29321.0,29321.5,29301.0,29301.5
2023-08-03 21:14:38,29275.05,29275.82,29321.0,29321.5,29295.5,29296.0
2023-08-03 21:14:49,29278.0,29278.74,29321.0,29321.5,29296.5,29297.0
2023-08-03 21:15:00,29277.92,29278.66,29321.0,29321.5,29296.5,29297.0
2023-08-03 21:15:11,29271.51,29272.0,29314.0,29314.5,29293.5,29294.0
2023-08-03 21:15:22,29270.02,29271.25,29311.0,29311.5,29293.5,29294.0
2023-08-03 21:15:32,29267.63,29268.99,29307.5,29308.0,29293.5,29294.0
2023-08-03 21:15:43,29271.02,29271.57,29305.0,29305.5,29293.5,29294.0
2023-08-03 21:15:54,29267.38,29268.08,29305.0,29305.5,29289.0,29289.5
2023-08-03 21:16:05,29265.84,29266.58,29305.0,29305.5,29286.5,29287.0
2023-08-03 21:16:16,29266.63,29266.74,29305.0,29305.5,29286.5,29287.0
2023-08-03 21:16:26,29265.73,29266.24,29305.0,29305.5,29286.5,29287.0
2023-08-03 21:16:37,29265.83,29265.95,29305.0,29305.5,29286.5,29287.0
2023-08-03 21:16:48,29265.62,29265.9,29305.0,29305.5,29286.0,29286.5
2023-08-03 21:16:59,29268.23,29269.49,29305.0,29305.5,29284.5,29285.0
2023-08-03 21:17:10,29268.41,29269.57,29305.0,29305.5,29285.0,29285.5
2023-08-03 21:17:20,29265.84,29266.45,29305.0,29305.5,29285.0,29285.5
2023-08-03 21:17:31,29262.67,29263.46,29305.0,29305.5,29284.0,29284.5
2023-08-03 21:17:42,29261.19,29261.5,29305.0,29305.5,29282.5,29283.0
2023-08-03 21:17:53,29261.1,29262.04,29305.0,29305.5,29281.0,29281.5
2023-08-03 21:18:04,29261.3,29261.84,29299.5,29300.0,29280.0,29280.5
2023-08-03 21:18:15,29264.62,29265.59,29299.5,29300.0,29282.0,29282.5
2023-08-03 21:18:25,29260.32,29261.13,29296.0,29296.5,29280.0,29280.5
2023-08-03 21:18:36,29259.76,29260.73,29296.0,29296.5,29279.5,29280.0
2023-08-03 21:18:47,29257.36,29258.41,29295.5,29296.0,29279.0,29279.5
2023-08-03 21:18:58,29259.32,29259.69,29295.5,29296.0,29279.0,29279.5
2023-08-03 21:19:08,29260.41,29261.22,29295.5,29296.0,29278.5,29279.0
2023-08-03 21:19:19,29259.07,29259.83,29295.5,29296.0,29278.5,29279.0
2023-08-03 21:19:30,29260.77,29261.29,29295.5,29296.0,29278.5,29279.0
2023-08-03 21:19:41,29260.76,29260.95,29295.5,29296.0,29278.5,29279.0
2023-08-03 21:19:52,29261.15,29262.08,29295.5,29296.0,29278.5,29279.0
2023-08-03 21:20:02,29259.86,29260.35,29295.5,29296.0,29278.5,29279.0
2023-08-03 21:20:13,29262.84,29263.4,29295.5,29296.0,29278.5,29279.0
2023-08-03 21:20:24,29262.95,29263.58,29290.5,29291.0,29278.5,29279.0
2023-08-03 21:20:35,29261.88,29262.52,29290.5,29291.0,29279.0,29279.5
2023-08-03 21:20:46,29261.67,29261.8,29290.5,29291.0,29279.0,29279.5
2023-08-03 21:20:57,29263.4,29263.64,29290.5,29291.0,29279.0,29279.5
2023-08-03 21:21:07,29263.19,29263.87,29290.5,29291.0,29279.0,29279.5
2023-08-03 21:21:18,29262.29,29263.22,29290.5,29291.0,29279.0,29279.5
2023-08-03 21:21:29,29263.17,29264.08,29290.5,29291.0,29279.0,29279.5
2023-08-03 21:21:40,29262.38,29262.43,29290.5,29291.0,29279.0,29279.5
2023-08-03 21:21:51,29267.31,29268.15,29290.5,29291.0,29279.0,29279.5
2023-08-03 21:22:01,29266.39,29266.6,29291.5,29292.0,29279.5,29280.0
2023-08-03 21:22:12,29266.08,29266.81,29291.5,29292.0,29279.5,29280.0
2023-08-03 21:22:23,29264.14,29264.83,29291.5,29292.0,29279.5,29280.0
2023-08-03 21:22:34,29264.45,29265.08,29291.5,29292.0,29279.5,29280.0
2023-08-03 21:22:45,29264.44,29264.51,29291.5,29292.0,29279.5,29280.0
2023-08-03 21:22:55,29260.94,29262.25,29291.5,29292.0,29279.5,29280.0
2023-08-03 21:23:06,29262.6,29263.11,29291.5,29292.0,29279.5,29280.0
2023-08-03 21:23:17,29262.96,29263.51,29291.5,29292.0,29279.5,29280.0
2023-08-03 21:23:28,29264.59,29265.29,29291.5,29292.0,29279.5,29280.0
2023-08-03 21:23:38,29264.13,29264.32,29291.5,29292.0,29279.5,29280.0
2023-08-03 21:23:49,29263.38,29263.77,29291.5,29292.0,29279.5,29280.0
2023-08-03 21:24:00,29262.51,29262.96,29291.5,29292.0,29279.5,29280.0
2023-08-03 21:24:11,29263.11,29263.81,29291.5,29292.0,29279.5,29280.0
2023-08-03 21:24:22,29262.29,29262.93,29291.5,29292.0,29279.5,29280.0
2023-08-03 21:24:32,29265.11,29265.63,29291.5,29292.0,29279.5,29280.0
2023-08-03 21:24:43,29266.89,29267.26,29291.5,29292.0,29279.5,29280.0
2023-08-03 21:24:54,29264.64,29265.52,29291.5,29292.0,29281.5,29282.0
2023-08-03 21:25:05,29266.25,29267.18,29291.5,29292.0,29282.5,29283.0
2023-08-03 21:25:16,29258.43,29258.85,29291.5,29292.0,29280.0,29280.5
2023-08-03 21:25:26,29258.35,29259.29,29291.5,29292.0,29280.0,29280.5
2023-08-03 21:25:37,29256.51,29259.0,29291.5,29292.0,29280.0,29280.5
2023-08-03 21:25:48,29258.97,29259.26,29291.5,29292.0,29280.0,29280.5
2023-08-03 21:25:59,29258.22,29258.81,29291.5,29292.0,29280.0,29280.5
2023-08-03 21:26:09,29258.46,29259.0,29291.5,29292.0,29279.5,29280.0
2023-08-03 21:26:20,29258.85,29259.23,29291.5,29292.0,29279.5,29280.0
2023-08-03 21:26:31,29260.11,29260.79,29291.5,29292.0,29279.0,29279.5
2023-08-03 21:26:42,29260.1,29260.36,29291.5,29292.0,29279.0,29279.5
2023-08-03 21:26:53,29261.47,29261.84,29291.5,29292.0,29278.0,29278.5
2023-08-03 21:27:04,29260.94,29261.56,29291.5,29292.0,29278.0,29278.5
2023-08-03 21:27:14,29258.72,29259.31,29291.5,29292.0,29275.0,29275.5
2023-08-03 21:27:25,29257.67,29258.72,29291.5,29292.0,29274.5,29275.0
2023-08-03 21:27:36,29256.11,29257.59,29291.5,29292.0,29274.5,29275.0
2023-08-03 21:27:47,29258.72,29259.03,29291.5,29292.0,29274.0,29274.5
2023-08-03 21:27:58,29258.38,29258.81,29291.5,29292.0,29274.0,29274.5
2023-08-03 21:28:08,29259.17,29259.89,29291.5,29292.0,29274.0,29274.5
2023-08-03 21:28:19,29259.01,29259.48,29291.5,29292.0,29274.0,29274.5
2023-08-03 21:28:30,29259.57,29260.24,29291.5,29292.0,29274.0,29274.5
2023-08-03 21:28:41,29263.28,29265.4,29291.5,29292.0,29274.0,29274.5
2023-08-03 21:28:52,29266.55,29267.6,29291.5,29292.0,29280.5,29281.0
2023-08-03 21:29:02,29267.94,29268.43,29291.5,29292.0,29282.5,29283.0
2023-08-03 21:29:13,29266.68,29267.55,29291.5,29292.0,29282.5,29283.0
2023-08-03 21:29:24,29268.87,29269.21,29291.5,29292.0,29282.5,29283.0
2023-08-03 21:29:35,29270.0,29270.64,29291.5,29292.0,29287.5,29288.0
2023-08-03 21:29:46,29269.23,29269.99,29291.5,29292.0,29287.0,29287.5
2023-08-03 21:29:56,29266.93,29267.94,29291.5,29292.0,29287.0,29287.5
2023-08-03 21:30:07,29269.46,29270.17,29291.5,29292.0,29287.0,29287.5
2023-08-03 21:30:18,29270.69,29271.14,29291.5,29292.0,29287.0,29287.5
2023-08-03 21:30:29,29265.22,29266.0,29291.5,29292.0,29287.0,29287.5
2023-08-03 21:30:40,29266.63,29267.21,29291.5,29292.0,29287.0,29287.5
2023-08-03 21:30:50,29267.2,29267.89,29291.5,29292.0,29287.0,29287.5
2023-08-03 21:31:01,29268.6,29269.26,29291.5,29292.0,29287.0,29287.5
2023-08-03 21:31:12,29271.36,29272.37,29291.5,29292.0,29288.5,29289.0
2023-08-03 21:31:23,29268.3,29270.24,29291.5,29292.0,29288.5,29289.0
2023-08-03 21:31:34,29267.46,29267.59,29291.5,29292.0,29287.5,29288.0
2023-08-03 21:31:45,29268.41,29268.44,29291.5,29292.0,29287.5,29288.0
2023-08-03 21:31:56,29269.09,29269.69,29291.5,29292.0,29287.5,29288.0
2023-08-03 21:32:06,29267.4,29268.03,29291.5,29292.0,29287.5,29288.0
2023-08-03 21:32:17,29267.03,29267.8,29291.5,29292.0,29287.5,29288.0
2023-08-03 21:32:28,29266.92,29267.54,29291.5,29292.0,29287.0,29287.5
2023-08-03 21:32:39,29264.99,29265.62,29291.5,29292.0,29286.0,29286.5
2023-08-03 21:32:50,29265.45,29265.5,29291.5,29292.0,29286.0,29286.5
2023-08-03 21:33:00,29261.79,29262.69,29291.5,29292.0,29282.5,29283.0
2023-08-03 21:33:11,29259.0,29259.58,29291.5,29292.0,29279.5,29280.0
2023-08-03 21:33:22,29257.88,29258.4,29289.5,29290.0,29279.0,29279.5
2023-08-03 21:33:33,29257.58,29259.64,29289.5,29290.0,29277.0,29277.5
2023-08-03 21:33:44,29259.02,29259.59,29289.5,29290.0,29276.5,29277.0
2023-08-03 21:33:54,29265.42,29266.2,29289.5,29290.0,29279.0,29279.5
2023-08-03 21:34:05,29265.87,29266.51,29289.5,29290.0,29279.0,29279.5
2023-08-03 21:34:16,29267.56,29267.84,29289.5,29290.0,29281.5,29282.0
2023-08-03 21:34:27,29269.58,29270.0,29297.0,29297.5,29287.5,29288.0
2023-08-03 21:34:38,29273.28,29274.65,29297.0,29297.5,29287.5,29288.0
2023-08-03 21:34:48,29271.4,29271.79,29297.0,29297.5,29287.5,29288.0
2023-08-03 21:34:59,29271.01,29271.86,29297.0,29297.5,29289.0,29289.5
2023-08-03 21:35:10,29275.03,29275.66,29297.0,29297.5,29290.0,29290.5
2023-08-03 21:35:21,29263.17,29264.91,29297.0,29297.5,29287.0,29287.5
2023-08-03 21:35:32,29263.73,29264.59,29297.0,29297.5,29283.5,29284.0
2023-08-03 21:35:42,29266.96,29267.78,29297.0,29297.5,29283.5,29284.0
2023-08-03 21:35:53,29267.43,29268.0,29297.0,29297.5,29285.0,29285.5
2023-08-03 21:36:04,29266.99,29267.78,29297.0,29297.5,29285.0,29286.0
2023-08-03 21:36:15,29266.4,29266.79,29297.0,29297.5,29285.0,29285.5
2023-08-03 21:36:26,29265.04,29265.64,29297.0,29297.5,29285.0,29285.5
2023-08-03 21:36:36,29265.83,29266.41,29297.0,29297.5,29284.5,29285.0
2023-08-03 21:36:47,29266.44,29266.9,29297.0,29297.5,29285.0,29285.5
2023-08-03 21:36:58,29265.96,29266.11,29297.0,29297.5,29285.0,29285.5
2023-08-03 21:37:09,29272.13,29272.74,29297.0,29297.5,29289.5,29290.0
2023-08-03 21:37:20,29272.35,29272.36,29297.0,29297.5,29290.5,29291.0
2023-08-03 21:37:30,29271.66,29272.21,29297.0,29297.5,29290.5,29291.0
2023-08-03 21:37:41,29272.1,29272.44,29297.0,29297.5,29290.5,29291.0
2023-08-03 21:37:52,29272.3,29272.45,29297.0,29297.5,29290.5,29291.0
2023-08-03 21:38:03,29271.67,29272.25,29297.0,29297.5,29290.5,29291.0
2023-08-03 21:38:14,29273.3,29273.94,29297.0,29297.5,29290.5,29291.0
2023-08-03 21:38:25,29270.85,29271.37,29297.0,29297.5,29290.5,29291.0
2023-08-03 21:38:35,29270.34,29270.67,29297.0,29297.5,29290.5,29291.0
2023-08-03 21:38:46,29270.38,29270.61,29297.0,29297.5,29290.5,29291.0
2023-08-03 21:38:57,29269.24,29269.66,29297.0,29297.5,29290.5,29291.0
2023-08-03 21:39:08,29270.1,29270.97,29297.0,29297.5,29290.5,29291.0
2023-08-03 21:39:19,29269.42,29270.12,29297.0,29297.5,29290.5,29291.0
2023-08-03 21:39:30,29270.69,29271.69,29297.0,29297.5,29290.5,29291.0
2023-08-03 21:39:40,29271.43,29271.85,29297.0,29297.5,29290.5,29291.5
2023-08-03 21:39:51,29271.12,29271.79,29297.0,29297.5,29290.5,29291.0
2023-08-03 21:40:02,29272.37,29273.32,29297.0,29297.5,29291.0,29291.5
2023-08-03 21:40:13,29271.19,29271.32,29297.0,29297.5,29291.0,29291.5
2023-08-03 21:40:23,29271.85,29272.39,29297.0,29297.5,29291.0,29291.5
2023-08-03 21:40:34,29274.2,29274.54,29297.0,29297.5,29291.0,29291.5
2023-08-03 21:40:45,29274.7,29275.41,29297.0,29297.5,29292.0,29292.5
2023-08-03 21:40:56,29272.95,29273.42,29297.5,29298.0,29291.5,29292.5
2023-08-03 21:41:07,29273.36,29274.05,29297.5,29298.0,29291.5,29292.0
2023-08-03 21:41:18,29277.93,29278.29,29302.5,29303.0,29291.5,29292.0
2023-08-03 21:41:29,29278.92,29279.89,29304.0,29304.5,29295.0,29295.5
2023-08-03 21:41:39,29279.03,29279.75,29307.0,29307.5,29298.5,29299.0
2023-08-03 21:41:50,29279.32,29279.42,29307.0,29307.5,29298.5,29299.0
2023-08-03 21:42:01,29277.39,29277.73,29307.0,29307.5,29297.5,29298.0
2023-08-03 21:42:12,29276.46,29277.12,29307.0,29307.5,29296.5,29297.0
2023-08-03 21:42:22,29277.54,29278.0,29307.0,29307.5,29296.5,29297.0
2023-08-03 21:42:33,29277.05,29277.56,29307.0,29307.5,29296.5,29297.0
2023-08-03 21:42:44,29277.75,29278.34,29307.0,29307.5,29296.5,29297.0
2023-08-03 21:42:55,29277.55,29278.15,29307.0,29307.5,29296.5,29297.0
2023-08-03 21:43:06,29277.85,29278.05,29307.0,29307.5,29296.5,29297.0
2023-08-03 21:43:16,29277.42,29277.43,29307.0,29307.5,29296.5,29297.0
2023-08-03 21:43:27,29277.36,29277.78,29307.0,29307.5,29296.5,29297.0
2023-08-03 21:43:38,29273.72,29274.33,29307.0,29307.5,29295.5,29296.0
2023-08-03 21:43:49,29274.58,29275.29,29307.0,29307.5,29294.0,29294.5
2023-08-03 21:44:00,29274.49,29275.29,29307.0,29307.5,29294.0,29294.5
2023-08-03 21:44:10,29273.04,29273.51,29307.0,29307.5,29294.0,29294.5
2023-08-03 21:44:21,29272.77,29273.16,29307.0,29307.5,29293.0,29293.5
2023-08-03 21:44:32,29273.1,29273.59,29307.0,29307.5,29292.5,29293.0
2023-08-03 21:44:43,29272.7,29273.33,29307.0,29307.5,29292.5,29293.0
2023-08-03 21:44:54,29273.88,29274.03,29307.5,29308.0,29292.5,29293.0
2023-08-03 21:45:05,29274.33,29274.45,29307.5,29308.0,29292.5,29293.0
2023-08-03 21:45:15,29273.19,29273.91,29307.5,29308.0,29292.5,29293.0
2023-08-03 21:45:26,29268.94,29269.26,29307.5,29308.0,29289.5,29290.0
2023-08-03 21:45:37,29268.72,29269.29,29307.5,29308.0,29289.5,29290.0
2023-08-03 21:45:48,29267.56,29268.46,29307.5,29308.0,29286.5,29287.0
2023-08-03 21:45:59,29268.2,29268.61,29307.5,29308.0,29286.0,29286.5
2023-08-03 21:46:10,29268.09,29268.62,29307.5,29308.0,29286.0,29286.5
2023-08-03 21:46:20,29266.5,29266.72,29307.5,29308.0,29284.0,29284.5
2023-08-03 21:46:31,29262.6,29263.22,29306.5,29307.0,29283.0,29283.5
2023-08-03 21:46:42,29262.35,29262.66,29306.5,29307.0,29281.0,29281.5
2023-08-03 21:46:53,29262.02,29262.69,29306.5,29307.0,29281.0,29281.5
2023-08-03 21:47:04,29262.12,29262.53,29306.5,29307.0,29281.0,29281.5
2023-08-03 21:47:15,29260.24,29261.08,29306.5,29307.0,29276.5,29277.0
2023-08-03 21:47:25,29257.46,29257.79,29295.5,29296.0,29274.0,29274.5
2023-08-03 21:47:36,29255.64,29256.32,29295.0,29295.5,29273.5,29274.0
2023-08-03 21:47:47,29255.62,29255.97,29293.5,29294.0,29270.0,29270.5
2023-08-03 21:47:58,29255.01,29255.56,29290.0,29290.5,29270.0,29270.5
2023-08-03 21:48:08,29252.41,29253.21,29287.0,29287.5,29270.0,29270.5
2023-08-03 21:48:19,29251.1,29251.62,29285.5,29286.0,29269.5,29270.0
2023-08-03 21:48:30,29249.0,29249.72,29285.5,29286.0,29266.0,29266.5
2023-08-03 21:48:41,29248.77,29249.26,29285.5,29286.0,29266.0,29266.5
2023-08-03 21:48:52,29248.34,29248.92,29285.5,29286.0,29266.0,29266.5
2023-08-03 21:49:03,29248.39,29248.75,29285.5,29286.0,29264.5,29265.0
2023-08-03 21:49:13,29248.0,29248.51,29285.5,29286.0,29264.5,29265.0
2023-08-03 21:49:24,29243.14,29243.56,29285.5,29286.0,29264.5,29265.0
2023-08-03 21:49:35,29242.91,29243.21,29285.5,29286.0,29260.5,29261.0
2023-08-03 21:49:46,29239.58,29240.22,29285.5,29286.0,29258.0,29258.5
2023-08-03 21:49:57,29237.94,29238.79,29284.0,29284.5,29257.5,29258.0
2023-08-03 21:50:07,29238.17,29238.7,29283.5,29284.0,29257.5,29258.0
2023-08-03 21:50:18,29238.37,29239.07,29278.5,29279.0,29256.5,29257.0
2023-08-03 21:50:29,29245.11,29246.13,29278.5,29279.0,29259.0,29259.5
2023-08-03 21:50:40,29245.85,29247.27,29278.5,29279.0,29262.0,29262.5
2023-08-03 21:50:51,29247.02,29247.52,29278.5,29279.0,29262.5,29263.0
2023-08-03 21:51:01,29243.58,29243.98,29278.5,29279.0,29262.5,29263.0
2023-08-03 21:51:12,29248.23,29249.01,29278.5,29279.0,29262.5,29263.0
2023-08-03 21:51:23,29249.13,29249.84,29278.5,29279.0,29263.5,29264.0
2023-08-03 21:51:34,29246.86,29247.69,29278.5,29279.0,29263.5,29264.0
2023-08-03 21:51:45,29247.87,29248.02,29278.5,29279.0,29263.5,29264.0
2023-08-03 21:51:55,29247.17,29248.2,29278.5,29279.0,29263.5,29264.0
2023-08-03 21:52:06,29247.31,29247.68,29278.5,29279.0,29263.5,29264.0
2023-08-03 21:52:17,29248.65,29249.1,29278.5,29279.0,29263.5,29264.0
2023-08-03 21:52:28,29248.63,29249.06,29278.5,29279.0,29263.5,29264.0
2023-08-03 21:52:39,29249.77,29250.22,29278.5,29279.0,29263.5,29264.0
2023-08-03 21:52:49,29250.06,29250.18,29278.5,29279.0,29263.5,29264.0
2023-08-03 21:53:00,29242.91,29243.47,29278.5,29279.0,29263.5,29264.0
2023-08-03 21:53:11,29238.42,29238.98,29278.0,29278.5,29256.0,29256.5
2023-08-03 21:53:22,29238.07,29238.25,29278.0,29278.5,29256.0,29256.5
2023-08-03 21:53:33,29236.08,29236.76,29276.0,29276.5,29255.0,29255.5
2023-08-03 21:53:43,29238.74,29239.32,29276.0,29276.5,29254.5,29255.0
2023-08-03 21:53:54,29238.91,29239.2,29275.0,29275.5,29254.5,29255.0
2023-08-03 21:54:05,29238.37,29238.89,29275.0,29275.5,29254.5,29255.0
2023-08-03 21:54:16,29238.31,29238.9,29275.0,29275.5,29254.5,29255.0
2023-08-03 21:54:27,29238.01,29238.52,29275.0,29275.5,29254.5,29255.0
2023-08-03 21:54:37,29238.69,29238.85,29275.0,29275.5,29254.5,29255.0
2023-08-03 21:54:48,29238.12,29238.73,29275.0,29275.5,29254.5,29255.0
2023-08-03 21:54:59,29238.31,29238.93,29275.0,29275.5,29254.5,29255.0
2023-08-03 21:55:10,29238.94,29239.02,29275.0,29275.5,29254.5,29255.0
2023-08-03 21:55:21,29238.48,29239.01,29275.0,29275.5,29254.0,29254.5
2023-08-03 21:55:31,29236.01,29236.33,29275.0,29275.5,29254.0,29254.5
2023-08-03 21:55:42,29235.34,29236.05,29275.0,29275.5,29253.5,29254.0
2023-08-03 21:55:53,29235.36,29235.77,29274.0,29274.5,29253.5,29254.0
2023-08-03 21:56:04,29236.63,29237.17,29274.0,29274.5,29253.0,29253.5
2023-08-03 21:56:15,29236.32,29236.4,29274.0,29274.5,29253.0,29253.5
2023-08-03 21:56:25,29235.31,29235.6,29274.0,29274.5,29253.0,29253.5
2023-08-03 21:56:36,29233.22,29233.97,29274.0,29274.5,29251.0,29251.5
2023-08-03 21:56:47,29233.35,29233.77,29274.0,29274.5,29251.0,29251.5
2023-08-03 21:56:58,29234.22,29234.82,29274.0,29274.5,29251.0,29251.5
2023-08-03 21:57:09,29234.1,29234.29,29274.0,29274.5,29251.0,29251.5
2023-08-03 21:57:19,29234.39,29234.4,29274.0,29274.5,29251.0,29251.5
2023-08-03 21:57:30,29234.17,29234.79,29274.0,29274.5,29251.0,29251.5
2023-08-03 21:57:41,29226.33,29227.28,29264.0,29264.5,29242.5,29243.5
2023-08-03 21:57:52,29218.56,29219.1,29256.5,29257.0,29235.5,29236.0
2023-08-03 21:58:02,29222.21,29222.93,29256.5,29257.0,29233.5,29234.5
2023-08-03 21:58:13,29220.36,29220.99,29256.5,29257.0,29234.5,29235.0
2023-08-03 21:58:24,29217.67,29218.81,29256.5,29257.0,29233.5,29234.0
2023-08-03 21:58:35,29197.32,29198.44,29238.0,29238.5,29212.5,29215.5
2023-08-03 21:58:46,29204.16,29204.78,29230.5,29231.0,29217.5,29218.0
2023-08-03 21:58:56,29206.05,29206.74,29230.5,29231.0,29219.0,29219.5
2023-08-03 21:59:07,29214.01,29215.34,29243.5,29244.0,29225.0,29225.5
2023-08-03 21:59:18,29218.75,29220.39,29249.5,29250.0,29233.5,29234.0
2023-08-03 21:59:29,29216.33,29217.23,29249.5,29250.0,29233.5,29234.0
2023-08-03 21:59:40,29218.42,29219.17,29249.5,29250.0,29234.5,29235.0
2023-08-03 21:59:50,29215.6,29216.82,29249.5,29250.0,29234.0,29234.5
2023-08-03 22:00:01,29215.23,29216.95,29249.5,29250.0,29234.0,29234.5
2023-08-03 22:00:12,29209.0,29210.71,29246.5,29247.0,29231.0,29231.5
2023-08-03 22:00:23,29200.36,29201.33,29236.5,29237.0,29225.0,29225.5
2023-08-03 22:00:34,29204.0,29204.53,29236.5,29237.0,29218.0,29218.5
2023-08-03 22:00:45,29202.23,29203.29,29236.5,29237.0,29218.0,29218.5
2023-08-03 22:00:55,29200.99,29201.99,29236.5,29237.0,29218.0,29218.5
2023-08-03 22:01:06,29202.5,29203.52,29236.5,29237.0,29218.0,29218.5
2023-08-03 22:01:17,29214.23,29215.0,29245.5,29246.0,29232.0,29232.5
2023-08-03 22:01:28,29210.01,29211.02,29245.5,29246.0,29229.5,29230.0
2023-08-03 22:01:38,29221.04,29223.16,29253.5,29254.0,29238.0,29238.5
2023-08-03 22:01:49,29219.05,29220.03,29252.5,29253.0,29234.5,29235.0
2023-08-03 22:02:00,29218.01,29219.16,29250.0,29250.5,29232.5,29233.0
2023-08-03 22:02:11,29219.09,29220.01,29254.5,29255.0,29236.0,29236.5
2023-08-03 22:02:22,29221.67,29222.79,29254.5,29255.0,29238.5,29239.0
2023-08-03 22:02:33,29222.45,29223.13,29258.0,29258.5,29241.0,29241.5
2023-08-03 22:02:43,29221.3,29223.82,29258.0,29258.5,29240.0,29240.5
2023-08-03 22:02:54,29223.04,29224.0,29258.0,29258.5,29240.5,29241.0
2023-08-03 22:03:05,29226.03,29226.97,29258.0,29258.5,29243.5,29244.0
2023-08-03 22:03:16,29232.79,29233.32,29261.5,29262.0,29244.5,29245.0
2023-08-03 22:03:27,29230.67,29231.87,29261.5,29262.0,29248.0,29248.5
2023-08-03 22:03:38,29229.12,29229.98,29261.5,29262.0,29243.5,29244.0
2023-08-03 22:03:48,29222.3,29223.39,29261.5,29262.0,29241.0,29241.5
2023-08-03 22:03:59,29230.01,29231.29,29261.5,29262.0,29244.5,29245.0
2023-08-03 22:04:10,29228.46,29229.21,29261.5,29262.0,29243.5,29244.0
2023-08-03 22:04:21,29227.71,29228.57,29261.5,29262.0,29246.0,29246.5
2023-08-03 22:04:32,29228.48,29228.62,29261.5,29262.0,29246.0,29246.5
2023-08-03 22:04:42,29229.83,29230.51,29261.5,29262.0,29246.0,29246.5
2023-08-03 22:04:53,29226.94,29227.91,29261.5,29262.0,29245.5,29246.0
2023-08-03 22:05:04,29221.56,29222.76,29256.5,29257.0,29244.0,29244.5
2023-08-03 22:05:15,29222.86,29223.33,29256.5,29257.0,29240.5,29241.0
2023-08-03 22:05:26,29223.1,29223.94,29256.5,29257.0,29240.5,29241.0
2023-08-03 22:05:37,29224.46,29225.32,29256.5,29257.0,29240.5,29241.0
2023-08-03 22:05:47,29230.03,29231.09,29261.0,29261.5,29240.5,29241.0
2023-08-03 22:05:58,29230.67,29231.58,29261.0,29261.5,29240.5,29241.0
2023-08-03 22:06:09,29228.21,29229.19,29261.5,29262.0,29244.5,29245.0
2023-08-03 22:06:20,29226.01,29226.67,29261.5,29262.0,29244.5,29245.0
2023-08-03 22:06:31,29224.35,29225.8,29261.5,29262.0,29244.5,29245.0
2023-08-03 22:06:41,29208.0,29211.26,29248.0,29248.5,29226.0,29226.5
2023-08-03 22:06:52,29201.85,29203.87,29237.5,29238.0,29215.0,29215.5
2023-08-03 22:07:03,29193.12,29194.06,29227.5,29228.0,29211.0,29211.5
2023-08-03 22:07:14,29157.49,29158.0,29190.0,29190.5,29176.5,29177.0
2023-08-03 22:07:25,29166.57,29168.04,29200.0,29200.5,29181.0,29182.5
2023-08-03 22:07:35,29158.02,29159.0,29196.5,29197.0,29177.0,29177.5
2023-08-03 22:07:46,29164.83,29166.71,29196.5,29197.0,29176.5,29177.0
2023-08-03 22:07:57,29162.98,29164.0,29197.5,29198.0,29178.0,29178.5
2023-08-03 22:08:08,29149.25,29151.78,29186.0,29186.5,29165.5,29167.0
2023-08-03 22:08:19,29156.0,29159.78,29189.0,29189.5,29172.5,29173.0
2023-08-03 22:08:29,29168.01,29168.89,29196.5,29197.0,29181.5,29182.0
2023-08-03 22:08:40,29173.56,29175.39,29202.5,29203.0,29187.5,29188.0
2023-08-03 22:08:51,29166.81,29167.15,29198.5,29199.0,29181.0,29181.5
2023-08-03 22:09:02,29168.9,29170.58,29202.5,29203.0,29191.0,29191.5
2023-08-03 22:09:13,29171.45,29171.83,29202.5,29203.0,29186.5,29187.0
2023-08-03 22:09:23,29179.3,29180.82,29205.0,29205.5,29192.5,29193.0
2023-08-03 22:09:34,29173.67,29174.6,29205.0,29205.5,29189.0,29189.5
2023-08-03 22:09:45,29173.53,29174.76,29205.0,29205.5,29189.0,29189.5
2023-08-03 22:09:56,29171.51,29172.88,29205.0,29205.5,29188.0,29188.5
2023-08-03 22:10:06,29169.12,29170.35,29202.5,29203.0,29187.0,29187.5
2023-08-03 22:10:17,29165.78,29167.68,29202.5,29203.0,29185.0,29185.5
2023-08-03 22:10:28,29174.03,29176.15,29202.5,29203.0,29186.0,29186.5
2023-08-03 22:10:39,29169.49,29170.34,29202.5,29203.0,29186.5,29187.0
2023-08-03 22:10:50,29179.15,29181.57,29202.5,29203.0,29193.5,29194.0
2023-08-03 22:11:00,29182.71,29184.48,29208.0,29208.5,29198.0,29198.5
2023-08-03 22:11:11,29190.0,29190.95,29215.0,29215.5,29201.0,29201.5
2023-08-03 22:11:22,29178.99,29180.47,29215.0,29215.5,29198.5,29199.0
2023-08-03 22:11:33,29178.59,29179.73,29215.0,29215.5,29195.0,29195.5
2023-08-03 22:11:43,29181.27,29182.4,29215.0,29215.5,29195.5,29196.0
2023-08-03 22:11:54,29191.57,29192.87,29215.0,29215.5,29202.5,29203.0
2023-08-03 22:12:05,29190.85,29191.83,29221.0,29221.5,29206.5,29207.0
2023-08-03 22:12:16,29187.23,29187.59,29221.0,29221.5,29206.5,29207.0
2023-08-03 22:12:27,29190.04,29190.99,29221.0,29221.5,29204.0,29204.5
2023-08-03 22:12:38,29186.36,29187.37,29221.0,29221.5,29202.5,29203.0
2023-08-03 22:12:48,29189.88,29190.49,29221.0,29221.5,29204.5,29205.0
2023-08-03 22:12:59,29190.26,29191.11,29221.0,29221.5,29204.0,29204.5
2023-08-03 22:13:10,29200.93,29201.34,29228.0,29228.5,29212.5,29213.0
2023-08-03 22:13:21,29194.07,29195.45,29228.0,29228.5,29211.5,29212.0
2023-08-03 22:13:32,29191.08,29192.25,29227.5,29228.0,29211.5,29212.0
2023-08-03 22:13:43,29197.24,29197.89,29227.5,29228.0,29211.5,29212.0
2023-08-03 22:13:53,29195.16,29195.98,29227.5,29228.0,29211.5,29212.0
2023-08-03 22:14:04,29184.83,29185.85,29222.5,29223.0,29204.5,29205.5
2023-08-03 22:14:15,29182.0,29182.86,29215.0,29215.5,29198.5,29199.0
2023-08-03 22:14:26,29181.7,29183.52,29215.0,29215.5,29198.5,29199.0
2023-08-03 22:14:37,29182.1,29182.82,29215.0,29215.5,29197.5,29198.0
2023-08-03 22:14:47,29192.04,29193.99,29222.5,29223.0,29201.0,29201.5
2023-08-03 22:14:58,29183.39,29184.84,29219.0,29219.5,29201.0,29202.5
2023-08-03 22:15:09,29185.05,29186.93,29217.5,29218.0,29195.0,29195.5
2023-08-03 22:15:20,29184.0,29185.72,29215.5,29216.0,29195.0,29195.5
2023-08-03 22:15:31,29185.04,29185.34,29215.5,29216.0,29199.0,29199.5
2023-08-03 22:15:41,29186.04,29187.08,29215.5,29216.0,29200.5,29201.0
2023-08-03 22:15:52,29183.54,29184.27,29215.5,29216.0,29199.0,29199.5
2023-08-03 22:16:03,29183.0,29183.28,29215.5,29216.0,29199.0,29199.5
2023-08-03 22:16:14,29181.64,29181.92,29215.5,29216.0,29197.5,29198.0
2023-08-03 22:16:25,29186.03,29186.74,29215.0,29215.5,29197.0,29197.5
2023-08-03 22:16:35,29176.08,29177.38,29211.0,29211.5,29195.5,29196.0
2023-08-03 22:16:46,29178.0,29178.46,29211.0,29211.5,29195.5,29196.0
2023-08-03 22:16:57,29178.75,29178.84,29211.0,29211.5,29196.5,29197.0
2023-08-03 22:17:08,29173.47,29174.19,29210.0,29210.5,29189.5,29190.0
2023-08-03 22:17:19,29172.3,29173.27,29210.0,29210.5,29189.5,29190.0
2023-08-03 22:17:29,29174.54,29175.94,29210.0,29210.5,29189.5,29190.0
2023-08-03 22:17:40,29175.63,29175.95,29210.0,29210.5,29189.5,29190.0
2023-08-03 22:17:51,29162.52,29163.78,29200.0,29200.5,29179.0,29179.5
2023-08-03 22:18:02,29152.22,29154.0,29190.0,29190.5,29168.5,29169.0
2023-08-03 22:18:13,29159.66,29160.54,29190.0,29190.5,29168.5,29169.0
2023-08-03 22:18:23,29156.82,29157.74,29190.0,29190.5,29172.0,29172.5
2023-08-03 22:18:34,29151.5,29152.1,29188.0,29188.5,29166.0,29166.5
2023-08-03 22:18:45,29152.43,29152.98,29188.0,29188.5,29166.0,29166.5
2023-08-03 22:18:56,29152.01,29153.19,29185.5,29186.0,29165.0,29165.5
2023-08-03 22:19:07,29150.84,29152.04,29187.0,29187.5,29167.5,29168.0
2023-08-03 22:19:17,29147.4,29147.94,29187.0,29187.5,29167.5,29168.0
2023-08-03 22:19:28,29151.27,29152.61,29187.0,29187.5,29167.5,29168.0
2023-08-03 22:19:39,29147.61,29148.95,29187.0,29187.5,29167.5,29168.0
2023-08-03 22:19:50,29157.2,29159.99,29187.0,29187.5,29167.5,29168.0
2023-08-03 22:20:01,29151.97,29153.54,29187.5,29188.0,29171.0,29171.5
2023-08-03 22:20:11,29161.22,29163.33,29187.5,29188.0,29170.0,29170.5
2023-08-03 22:20:22,29159.08,29159.68,29187.5,29188.0,29173.0,29173.5
2023-08-03 22:20:33,29144.34,29144.84,29184.0,29184.5,29161.5,29162.0
2023-08-03 22:20:44,29156.1,29157.03,29184.0,29184.5,29161.5,29162.0
2023-08-03 22:20:55,29155.02,29156.23,29187.5,29188.0,29170.5,29171.0
2023-08-03 22:21:05,29148.64,29149.63,29182.5,29183.0,29162.0,29162.5
2023-08-03 22:21:16,29149.06,29149.48,29182.0,29182.5,29162.0,29162.5
2023-08-03 22:21:27,29150.24,29151.04,29182.0,29182.5,29162.0,29162.5
2023-08-03 22:21:38,29143.57,29144.44,29175.0,29175.5,29155.0,29155.5
2023-08-03 22:21:48,29149.86,29150.98,29177.5,29178.0,29161.0,29161.5
2023-08-03 22:21:59,29146.72,29147.76,29179.5,29180.0,29162.5,29163.0
2023-08-03 22:22:10,29143.39,29144.32,29175.0,29175.5,29156.0,29156.5
2023-08-03 22:22:21,29142.4,29143.76,29175.0,29175.5,29154.5,29155.0
2023-08-03 22:22:32,29149.48,29150.58,29177.5,29178.0,29156.0,29156.5
2023-08-03 22:22:43,29150.12,29150.28,29177.5,29178.0,29158.5,29159.0
2023-08-03 22:22:53,29144.7,29145.71,29177.5,29178.0,29158.5,29159.0
2023-08-03 22:23:04,29146.01,29146.1,29177.5,29178.0,29158.5,29159.0
2023-08-03 22:23:15,29148.52,29150.0,29177.5,29178.0,29158.5,29159.0
2023-08-03 22:23:26,29154.05,29155.7,29179.5,29180.0,29160.0,29160.5
2023-08-03 22:23:37,29159.07,29159.96,29186.5,29187.0,29167.5,29168.0
2023-08-03 22:23:47,29157.29,29158.62,29186.5,29187.0,29167.5,29168.0
2023-08-03 22:23:58,29158.74,29159.29,29186.5,29187.0,29167.5,29168.0
2023-08-03 22:24:09,29158.05,29158.82,29186.5,29187.0,29167.5,29168.0
2023-08-03 22:24:20,29152.44,29153.65,29186.5,29187.0,29160.0,29160.5
2023-08-03 22:24:30,29154.0,29155.89,29186.5,29187.0,29161.5,29162.0
2023-08-03 22:24:41,29151.55,29152.37,29186.5,29187.0,29163.0,29163.5
2023-08-03 22:24:52,29156.41,29157.6,29186.5,29187.0,29163.0,29163.5
2023-08-03 22:25:03,29155.12,29156.75,29186.5,29187.0,29163.0,29163.5
2023-08-03 22:25:14,29160.0,29161.49,29186.5,29187.0,29167.5,29168.0
2023-08-03 22:25:24,29160.12,29161.97,29186.5,29187.0,29167.5,29168.0
2023-08-03 22:25:35,29161.53,29162.43,29186.5,29187.0,29167.5,29168.0
2023-08-03 22:25:46,29163.29,29164.43,29186.5,29187.0,29167.5,29168.0
2023-08-03 22:25:57,29154.09,29155.96,29186.5,29187.0,29167.0,29167.5
2023-08-03 22:26:08,29153.25,29153.99,29186.5,29187.0,29162.5,29163.0
2023-08-03 22:26:18,29153.92,29155.02,29186.5,29187.0,29162.5,29163.0
2023-08-03 22:26:29,29155.78,29155.93,29186.5,29187.0,29163.5,29164.0
2023-08-03 22:26:40,29153.73,29154.26,29186.5,29187.0,29162.5,29163.0
2023-08-03 22:26:51,29152.96,29153.95,29186.5,29187.0,29162.5,29163.0
2023-08-03 22:27:02,29156.07,29159.0,29186.5,29187.0,29162.5,29163.0
2023-08-03 22:27:12,29164.32,29165.36,29186.5,29187.0,29168.5,29169.0
2023-08-03 22:27:23,29156.26,29156.93,29186.5,29187.0,29168.5,29169.0
2023-08-03 22:27:34,29160.12,29160.83,29186.5,29187.0,29166.5,29167.0
2023-08-03 22:27:45,29158.12,29158.72,29186.5,29187.0,29166.5,29167.0
2023-08-03 22:27:56,29157.24,29158.29,29186.5,29187.0,29166.5,29167.0
2023-08-03 22:28:06,29154.01,29154.98,29186.5,29187.0,29164.0,29164.5
2023-08-03 22:28:17,29155.64,29156.55,29186.5,29187.0,29164.5,29165.0
2023-08-03 22:28:28,29154.77,29155.58,29186.5,29187.0,29164.5,29165.0
2023-08-03 22:28:39,29156.01,29156.8,29186.5,29187.0,29164.5,29165.0
2023-08-03 22:28:50,29160.42,29161.25,29186.5,29187.0,29166.5,29167.0
2023-08-03 22:29:01,29157.0,29157.47,29186.5,29187.0,29166.5,29167.0
2023-08-03 22:29:11,29159.98,29160.73,29186.5,29187.0,29166.5,29167.0
2023-08-03 22:29:22,29156.74,29157.46,29186.5,29187.0,29167.0,29167.5
2023-08-03 22:29:33,29159.74,29160.61,29186.5,29187.0,29167.0,29167.5
2023-08-03 22:29:44,29157.25,29159.14,29186.5,29187.0,29167.0,29167.5
2023-08-03 22:29:55,29154.66,29155.59,29186.5,29187.0,29166.5,29167.0
2023-08-03 22:30:06,29151.34,29153.27,29180.0,29180.5,29164.0,29164.5
2023-08-03 22:30:16,29151.79,29151.8,29180.0,29180.5,29164.0,29164.5
2023-08-03 22:30:27,29151.77,29152.56,29180.0,29180.5,29164.0,29164.5
2023-08-03 22:30:38,29146.28,29147.35,29180.0,29180.5,29161.0,29161.5
2023-08-03 22:30:49,29149.61,29149.9,29180.0,29180.5,29157.0,29157.5
2023-08-03 22:31:00,29147.29,29147.98,29180.0,29180.5,29157.0,29157.5
2023-08-03 22:31:10,29147.34,29147.9,29180.0,29180.5,29157.0,29157.5
2023-08-03 22:31:21,29144.54,29145.86,29173.5,29174.0,29157.0,29157.5
2023-08-03 22:31:32,29154.41,29155.69,29179.5,29180.0,29157.0,29157.5
2023-08-03 22:31:43,29152.68,29153.49,29179.5,29180.0,29159.0,29159.5
2023-08-03 22:31:54,29152.45,29153.23,29179.5,29180.0,29159.5,29160.0
2023-08-03 22:32:04,29152.25,29152.77,29179.5,29180.0,29159.5,29160.0
2023-08-03 22:32:15,29146.94,29147.99,29179.5,29180.0,29157.0,29157.5
2023-08-03 22:32:26,29144.1,29145.55,29173.5,29174.0,29154.0,29154.5
2023-08-03 22:32:37,29145.03,29145.75,29173.5,29174.0,29153.5,29154.0
2023-08-03 22:32:48,29144.6,29145.77,29173.5,29174.0,29153.0,29153.5
2023-08-03 22:32:59,29142.12,29143.53,29173.5,29174.0,29152.0,29152.5
2023-08-03 22:33:09,29142.26,29142.95,29173.5,29174.0,29149.5,29150.0
2023-08-03 22:33:20,29144.47,29145.0,29173.5,29174.0,29150.5,29151.0
2023-08-03 22:33:31,29139.58,29139.96,29168.5,29169.0,29147.0,29147.5
2023-08-03 22:33:42,29141.33,29141.56,29168.5,29169.0,29148.5,29149.0
2023-08-03 22:33:53,29135.0,29135.68,29168.5,29169.0,29146.5,29147.0
2023-08-03 22:34:03,29142.01,29142.67,29167.0,29167.5,29147.0,29147.5
2023-08-03 22:34:14,29148.0,29150.22,29173.0,29173.5,29154.0,29154.5
2023-08-03 22:34:25,29149.26,29149.98,29173.0,29173.5,29156.0,29156.5
2023-08-03 22:34:36,29151.94,29153.62,29176.5,29177.0,29159.0,29159.5
2023-08-03 22:34:47,29154.03,29157.18,29176.5,29177.0,29160.0,29160.5
2023-08-03 22:34:58,29151.85,29153.12,29176.5,29177.0,29161.5,29162.0
2023-08-03 22:35:08,29154.06,29154.98,29176.5,29177.0,29161.5,29162.0
2023-08-03 22:35:19,29157.68,29159.13,29181.5,29182.0,29167.0,29167.5
2023-08-03 22:35:30,29164.01,29165.08,29188.0,29188.5,29170.0,29170.5
2023-08-03 22:35:41,29163.02,29163.73,29188.0,29188.5,29172.5,29173.0
2023-08-03 22:35:52,29164.92,29166.23,29188.0,29188.5,29175.0,29175.5
2023-08-03 22:36:03,29168.5,29169.76,29189.5,29190.0,29177.0,29177.5
2023-08-03 22:36:13,29166.11,29167.54,29189.5,29190.0,29177.0,29177.5
2023-08-03 22:36:24,29167.0,29168.09,29189.5,29190.0,29177.0,29177.5
2023-08-03 22:36:35,29175.15,29176.47,29192.5,29193.0,29181.0,29181.5
2023-08-03 22:36:46,29172.74,29173.53,29195.0,29195.5,29184.0,29184.5
2023-08-03 22:36:57,29172.81,29173.58,29195.0,29195.5,29184.0,29184.5
2023-08-03 22:37:08,29174.15,29175.6,29195.0,29195.5,29184.0,29184.5
2023-08-03 22:37:18,29180.34,29181.64,29204.0,29204.5,29189.0,29189.5
2023-08-03 22:37:29,29177.72,29178.9,29204.0,29204.5,29190.5,29191.0
2023-08-03 22:37:40,29174.03,29174.98,29204.0,29204.5,29185.0,29185.5
2023-08-03 22:37:51,29175.27,29176.57,29204.0,29204.5,29185.5,29186.0
2023-08-03 22:38:02,29174.82,29175.92,29202.5,29203.0,29185.0,29185.5
2023-08-03 22:38:13,29178.17,29179.0,29202.5,29203.0,29185.0,29185.5
2023-08-03 22:38:23,29179.0,29180.26,29202.5,29203.0,29185.5,29186.0
2023-08-03 22:38:34,29177.48,29178.74,29202.5,29203.0,29185.5,29186.0
2023-08-03 22:38:45,29177.3,29177.75,29202.5,29203.0,29185.5,29186.0
2023-08-03 22:38:56,29178.19,29178.8,29202.5,29203.0,29185.5,29186.0
2023-08-03 22:39:07,29173.63,29174.85,29202.5,29203.0,29185.5,29186.0
2023-08-03 22:39:18,29173.54,29173.94,29202.5,29203.0,29185.0,29185.5
2023-08-03 22:39:28,29170.24,29171.78,29201.5,29202.0,29185.0,29185.5
2023-08-03 22:39:39,29173.35,29174.65,29201.5,29202.0,29185.0,29185.5
2023-08-03 22:39:50,29173.37,29174.43,29201.5,29202.0,29185.0,29185.5
2023-08-03 22:40:01,29173.26,29174.64,29201.5,29202.0,29185.0,29185.5
2023-08-03 22:40:11,29172.74,29173.92,29201.5,29202.0,29185.0,29185.5
2023-08-03 22:40:22,29175.02,29175.26,29201.5,29202.0,29185.0,29185.5
2023-08-03 22:40:33,29171.57,29172.44,29201.5,29202.0,29185.0,29185.5
2023-08-03 22:40:44,29176.54,29177.2,29201.5,29202.0,29185.0,29185.5
2023-08-03 22:40:55,29176.01,29176.55,29201.5,29202.0,29185.0,29185.5
2023-08-03 22:41:06,29171.42,29172.05,29201.5,29202.0,29185.0,29185.5
2023-08-03 22:41:17,29171.17,29171.75,29201.5,29202.0,29185.0,29185.5
2023-08-03 22:41:27,29173.61,29174.36,29201.5,29202.0,29185.0,29185.5
2023-08-03 22:41:38,29172.72,29173.55,29201.5,29202.0,29185.0,29185.5
2023-08-03 22:41:49,29172.12,29172.73,29201.5,29202.0,29185.0,29185.5
2023-08-03 22:42:00,29174.57,29175.58,29201.5,29202.0,29185.0,29185.5
2023-08-03 22:42:10,29172.39,29173.19,29201.5,29202.0,29184.0,29184.5
2023-08-03 22:42:21,29171.44,29172.56,29201.5,29202.0,29184.0,29184.5
2023-08-03 22:42:32,29170.02,29171.0,29201.5,29202.0,29183.0,29183.5
2023-08-03 22:42:43,29171.87,29172.69,29201.5,29202.0,29183.0,29183.5
2023-08-03 22:42:54,29171.66,29172.7,29201.5,29202.0,29183.0,29183.5
2023-08-03 22:43:04,29172.05,29173.0,29201.5,29202.0,29183.0,29183.5
2023-08-03 22:43:15,29170.15,29171.41,29201.5,29202.0,29183.0,29183.5
2023-08-03 22:43:26,29174.0,29174.96,29201.5,29202.0,29183.0,29183.5
2023-08-03 22:43:37,29172.01,29173.36,29201.5,29202.0,29183.0,29183.5
2023-08-03 22:43:48,29171.62,29171.98,29201.5,29202.0,29183.0,29183.5
2023-08-03 22:43:58,29171.62,29173.16,29201.5,29202.0,29183.0,29183.5
2023-08-03 22:44:09,29170.89,29171.65,29201.5,29202.0,29183.0,29183.5
2023-08-03 22:44:20,29168.25,29169.29,29200.0,29200.5,29183.0,29183.5
2023-08-03 22:44:31,29165.53,29166.98,29197.5,29198.0,29176.5,29177.0
2023-08-03 22:44:42,29164.31,29165.06,29197.5,29198.0,29176.5,29177.0
2023-08-03 22:44:53,29164.92,29165.62,29195.5,29196.0,29176.0,29176.5
2023-08-03 22:45:03,29165.51,29166.64,29195.5,29196.0,29176.0,29176.5
2023-08-03 22:45:14,29170.66,29171.9,29195.5,29196.0,29179.5,29180.0
2023-08-03 22:45:25,29171.55,29172.96,29195.5,29196.0,29179.5,29180.0
2023-08-03 22:45:36,29173.36,29174.7,29202.5,29203.0,29184.0,29184.5
2023-08-03 22:45:47,29169.12,29169.86,29200.0,29200.5,29183.5,29184.0
2023-08-03 22:45:57,29167.5,29168.99,29200.0,29200.5,29183.5,29184.0
2023-08-03 22:46:08,29168.14,29169.0,29200.0,29200.5,29183.5,29184.0
2023-08-03 22:46:19,29165.24,29166.33,29196.5,29197.0,29182.0,29182.5
2023-08-03 22:46:30,29167.02,29167.71,29196.5,29197.0,29182.0,29182.5
2023-08-03 22:46:41,29166.64,29167.56,29196.5,29197.0,29182.0,29182.5
2023-08-03 22:46:52,29166.11,29166.86,29196.5,29197.0,29182.0,29182.5
2023-08-03 22:47:02,29167.61,29168.72,29196.5,29197.0,29182.0,29182.5
2023-08-03 22:47:13,29171.4,29172.28,29197.5,29198.0,29182.0,29182.5
2023-08-03 22:47:24,29175.77,29176.72,29201.5,29202.0,29184.5,29185.0
2023-08-03 22:47:35,29180.44,29181.37,29206.5,29207.0,29189.0,29189.5
2023-08-03 22:47:46,29182.89,29184.0,29213.0,29213.5,29193.0,29193.5
2023-08-03 22:47:56,29186.0,29186.01,29213.0,29213.5,29196.5,29197.0
2023-08-03 22:48:07,29185.11,29185.92,29213.0,29213.5,29195.0,29195.5
2023-08-03 22:48:18,29183.47,29184.61,29213.0,29213.5,29195.5,29196.0
2023-08-03 22:48:29,29187.69,29188.95,29213.0,29213.5,29196.5,29197.0
2023-08-03 22:48:39,29192.3,29193.5,29219.0,29219.5,29201.5,29202.0
2023-08-03 22:48:50,29188.25,29189.75,29219.5,29220.0,29201.0,29201.5
2023-08-03 22:49:01,29187.71,29188.7,29219.5,29220.0,29201.0,29201.5
2023-08-03 22:49:12,29185.6,29186.43,29219.5,29220.0,29201.0,29201.5
2023-08-03 22:49:23,29186.48,29187.05,29219.5,29220.0,29201.0,29201.5
2023-08-03 22:49:33,29183.43,29184.71,29219.5,29220.0,29201.0,29201.5
2023-08-03 22:49:44,29182.69,29183.48,29219.5,29220.0,29201.0,29201.5
2023-08-03 22:49:55,29184.2,29185.14,29219.5,29220.0,29201.0,29201.5
2023-08-03 22:50:06,29184.26,29185.0,29219.5,29220.0,29201.0,29201.5
2023-08-03 22:50:17,29176.63,29177.4,29208.5,29209.0,29193.0,29193.5
2023-08-03 22:50:27,29178.85,29179.99,29208.5,29209.0,29193.0,29193.5
2023-08-03 22:50:38,29179.03,29179.43,29208.5,29209.0,29193.0,29193.5
2023-08-03 22:50:49,29181.0,29181.54,29208.5,29209.0,29193.0,29193.5
2023-08-03 22:51:00,29180.65,29181.54,29210.5,29211.0,29193.0,29193.5
2023-08-03 22:51:11,29180.06,29180.96,29209.0,29209.5,29193.0,29193.5
2023-08-03 22:51:21,29179.1,29179.97,29209.0,29209.5,29193.0,29193.5
2023-08-03 22:51:32,29185.05,29187.31,29213.0,29213.5,29193.0,29193.5
2023-08-03 22:51:43,29185.08,29185.99,29213.5,29214.0,29196.5,29197.0
2023-08-03 22:51:54,29186.1,29187.44,29215.0,29215.5,29196.5,29197.0
2023-08-03 22:52:05,29187.24,29188.0,29215.0,29215.5,29196.5,29197.0
2023-08-03 22:52:15,29186.41,29187.89,29215.0,29215.5,29199.0,29199.5
2023-08-03 22:52:26,29184.53,29185.67,29215.0,29215.5,29198.5,29199.0
2023-08-03 22:52:37,29188.0,29188.15,29215.0,29215.5,29198.5,29199.0
2023-08-03 22:52:48,29189.38,29190.06,29215.0,29215.5,29200.5,29201.0
2023-08-03 22:52:59,29190.01,29190.12,29215.0,29215.5,29200.5,29201.0
2023-08-03 22:53:10,29190.43,29191.51,29215.0,29215.5,29200.5,29201.0
2023-08-03 22:53:20,29192.29,29192.84,29218.0,29218.5,29200.5,29201.0
2023-08-03 22:53:31,29190.46,29191.67,29219.5,29220.0,29203.5,29204.0
2023-08-03 22:53:42,29193.24,29193.8,29219.5,29220.0,29202.5,29203.0
2023-08-03 22:53:53,29195.28,29195.77,29224.5,29225.0,29205.5,29206.0
2023-08-03 22:54:03,29200.05,29200.78,29225.0,29225.5,29208.0,29208.5
2023-08-03 22:54:14,29197.98,29198.88,29225.0,29225.5,29209.0,29209.5
2023-08-03 22:54:25,29196.6,29197.62,29225.0,29225.5,29209.5,29210.0
2023-08-03 22:54:36,29197.48,29198.46,29225.0,29225.5,29209.5,29210.0
2023-08-03 22:54:47,29198.23,29198.94,29225.0,29225.5,29209.5,29210.0
2023-08-03 22:54:57,29195.0,29195.83,29225.0,29225.5,29209.5,29210.0
2023-08-03 22:55:08,29198.14,29199.51,29225.0,29225.5,29209.5,29210.0
2023-08-03 22:55:19,29193.19,29194.2,29227.0,29227.5,29209.0,29209.5
2023-08-03 22:55:30,29193.91,29194.0,29227.0,29227.5,29209.0,29209.5
2023-08-03 22:55:41,29195.09,29195.94,29227.0,29227.5,29208.0,29208.5
2023-08-03 22:55:51,29193.95,29195.92,29227.0,29227.5,29207.0,29207.5
2023-08-03 22:56:02,29197.03,29197.64,29227.0,29227.5,29207.0,29207.5
2023-08-03 22:56:13,29194.02,29194.52,29227.0,29227.5,29207.0,29207.5
2023-08-03 22:56:24,29195.55,29196.92,29227.0,29227.5,29206.0,29206.5
2023-08-03 22:56:35,29196.8,29197.38,29227.0,29227.5,29206.0,29206.5
2023-08-03 22:56:45,29199.98,29200.29,29227.0,29227.5,29207.5,29208.0
2023-08-03 22:56:56,29200.3,29201.22,29227.0,29227.5,29209.0,29209.5
2023-08-03 22:57:07,29200.74,29201.41,29227.0,29227.5,29209.0,29209.5
2023-08-03 22:57:18,29205.0,29205.85,29227.0,29227.5,29212.5,29213.0
2023-08-03 22:57:29,29202.01,29203.78,29234.5,29235.0,29213.0,29213.5
2023-08-03 22:57:39,29204.41,29204.81,29234.5,29235.0,29213.0,29213.5
2023-08-03 22:57:50,29202.2,29202.97,29234.5,29235.0,29213.0,29213.5
2023-08-03 22:58:01,29204.48,29205.9,29234.5,29235.0,29214.0,29214.5
2023-08-03 22:58:12,29204.24,29204.37,29234.5,29235.0,29214.0,29214.5
2023-08-03 22:58:23,29205.22,29206.66,29234.5,29235.0,29214.0,29214.5
2023-08-03 22:58:34,29205.52,29206.22,29234.5,29235.0,29216.0,29216.5
2023-08-03 22:58:44,29211.15,29212.02,29234.5,29235.0,29218.5,29219.0
2023-08-03 22:58:55,29205.1,29206.81,29234.5,29235.0,29218.0,29218.5
2023-08-03 22:59:06,29203.67,29203.93,29233.5,29234.0,29218.0,29218.5
2023-08-03 22:59:17,29201.93,29202.75,29233.5,29234.0,29215.0,29215.5
2023-08-03 22:59:27,29202.23,29203.0,29233.5,29234.0,29213.5,29214.0
2023-08-03 22:59:38,29202.54,29203.13,29233.5,29234.0,29213.0,29213.5
2023-08-03 22:59:49,29203.2,29204.52,29233.5,29234.0,29213.0,29213.5
2023-08-03 23:00:00,29202.76,29203.32,29233.5,29234.0,29213.0,29213.5
2023-08-03 23:00:10,29200.6,29201.51,29233.5,29234.0,29213.0,29213.5
2023-08-03 23:00:21,29201.23,29202.12,29233.5,29234.0,29214.0,29214.5
2023-08-03 23:00:32,29200.44,29201.18,29233.5,29234.0,29213.5,29214.0
2023-08-03 23:00:43,29200.71,29201.23,29233.5,29234.0,29214.0,29214.5
2023-08-03 23:00:54,29196.03,29198.09,29232.5,29233.0,29214.0,29214.5
2023-08-03 23:01:04,29195.89,29196.94,29225.0,29225.5,29208.5,29209.0
2023-08-03 23:01:15,29193.89,29194.98,29225.0,29225.5,29207.0,29207.5
2023-08-03 23:01:26,29195.17,29196.23,29225.0,29225.5,29207.0,29207.5
2023-08-03 23:01:37,29194.74,29195.5,29225.0,29225.5,29207.0,29207.5
2023-08-03 23:01:48,29196.0,29196.88,29225.0,29225.5,29207.0,29207.5
2023-08-03 23:01:59,29198.48,29199.17,29225.0,29225.5,29207.0,29207.5
2023-08-03 23:02:09,29196.24,29197.32,29225.0,29225.5,29207.0,29207.5
2023-08-03 23:02:20,29194.02,29195.25,29225.0,29225.5,29207.0,29207.5
2023-08-03 23:02:31,29194.85,29194.91,29225.0,29225.5,29207.0,29207.5
2023-08-03 23:02:42,29194.89,29195.86,29225.0,29225.5,29207.0,29207.5
2023-08-03 23:02:53,29194.31,29194.84,29225.0,29225.5,29207.0,29207.5
2023-08-03 23:03:03,29195.75,29197.0,29225.0,29225.5,29207.0,29207.5
2023-08-03 23:03:14,29194.46,29195.22,29225.0,29225.5,29207.5,29208.0
2023-08-03 23:03:25,29195.12,29195.36,29225.0,29225.5,29207.5,29208.0
2023-08-03 23:03:36,29194.01,29194.96,29225.0,29225.5,29207.5,29208.0
2023-08-03 23:03:47,29193.14,29194.23,29225.0,29225.5,29207.5,29208.0
2023-08-03 23:03:57,29189.37,29189.99,29222.5,29223.0,29207.5,29208.0
2023-08-03 23:04:08,29188.7,29189.52,29222.5,29223.0,29207.5,29208.0
2023-08-03 23:04:19,29191.3,29192.0,29220.5,29221.0,29207.5,29208.0
2023-08-03 23:04:30,29190.6,29191.26,29220.5,29221.0,29207.5,29208.0
2023-08-03 23:04:41,29193.1,29193.38,29220.5,29221.0,29207.5,29208.0
2023-08-03 23:04:52,29189.79,29190.79,29220.5,29221.0,29207.5,29208.0
2023-08-03 23:05:02,29192.36,29193.98,29220.5,29221.0,29207.5,29208.0
2023-08-03 23:05:13,29192.94,29193.4,29220.5,29221.0,29207.5,29208.0
2023-08-03 23:05:24,29192.05,29193.32,29220.5,29221.0,29207.5,29208.0
2023-08-03 23:05:35,29200.08,29201.83,29227.5,29228.0,29211.0,29211.5
2023-08-03 23:05:46,29199.62,29200.79,29227.5,29228.0,29211.0,29211.5
2023-08-03 23:05:57,29200.1,29201.46,29227.5,29228.0,29211.5,29212.0
2023-08-03 23:06:07,29199.4,29200.77,29227.5,29228.0,29211.5,29212.0
2023-08-03 23:06:18,29199.49,29200.0,29227.5,29228.0,29211.5,29212.0
2023-08-03 23:06:29,29200.41,29201.0,29227.5,29228.0,29211.5,29212.0
2023-08-03 23:06:40,29203.2,29204.25,29232.0,29232.5,29214.5,29215.0
2023-08-03 23:06:50,29204.13,29205.21,29234.5,29235.0,29216.0,29216.5
2023-08-03 23:07:01,29203.96,29204.98,29234.5,29235.0,29216.0,29216.5
2023-08-03 23:07:12,29201.75,29202.14,29234.5,29235.0,29216.0,29216.5
2023-08-03 23:07:23,29198.12,29199.0,29232.0,29232.5,29211.5,29212.0
2023-08-03 23:07:34,29197.89,29198.6,29232.0,29232.5,29212.0,29212.5
2023-08-03 23:07:45,29198.16,29198.48,29232.0,29232.5,29212.0,29212.5
2023-08-03 23:07:55,29199.2,29200.0,29232.0,29232.5,29212.0,29212.5
2023-08-03 23:08:06,29199.71,29199.72,29232.0,29232.5,29212.0,29212.5
2023-08-03 23:08:17,29206.0,29206.78,29234.5,29235.0,29212.5,29213.0
2023-08-03 23:08:28,29204.47,29205.74,29234.5,29235.0,29212.5,29213.0
2023-08-03 23:08:39,29206.04,29206.64,29234.5,29235.0,29216.5,29217.0
2023-08-03 23:08:49,29207.32,29208.04,29235.5,29236.0,29219.5,29220.0
2023-08-03 23:09:00,29205.18,29206.24,29235.5,29236.0,29220.0,29220.5
2023-08-03 23:09:11,29205.28,29205.95,29235.5,29236.0,29220.0,29220.5
2023-08-03 23:09:22,29208.06,29208.88,29235.5,29236.0,29220.0,29220.5
2023-08-03 23:09:32,29208.53,29208.98,29235.5,29236.0,29220.5,29221.0
2023-08-03 23:09:43,29207.01,29208.09,29235.5,29236.0,29221.5,29222.0
2023-08-03 23:09:54,29208.98,29209.54,29235.5,29236.0,29221.5,29222.0
2023-08-03 23:10:05,29206.18,29207.17,29235.5,29236.0,29221.0,29221.5
2023-08-03 23:10:16,29204.72,29205.9,29235.5,29236.0,29221.0,29221.5
2023-08-03 23:10:27,29204.02,29204.18,29235.5,29236.0,29221.0,29221.5
2023-08-03 23:10:37,29205.6,29206.59,29235.5,29236.0,29221.0,29221.5
2023-08-03 23:10:48,29204.83,29205.86,29235.5,29236.0,29221.0,29221.5
2023-08-03 23:10:59,29202.01,29202.84,29235.5,29236.0,29221.0,29221.5
2023-08-03 23:11:10,29203.41,29203.59,29235.5,29236.0,29220.0,29220.5
2023-08-03 23:11:20,29203.01,29203.2,29235.5,29236.0,29220.0,29220.5
2023-08-03 23:11:31,29200.01,29200.98,29234.0,29234.5,29212.5,29213.0
2023-08-03 23:11:42,29198.29,29199.28,29234.0,29234.5,29212.5,29213.0
2023-08-03 23:11:53,29199.14,29199.76,29234.0,29234.5,29212.5,29213.0
2023-08-03 23:12:04,29195.56,29195.95,29227.5,29228.0,29210.0,29210.5
2023-08-03 23:12:15,29195.41,29195.8,29227.5,29228.0,29209.5,29210.0
2023-08-03 23:12:26,29195.13,29196.0,29221.5,29222.0,29207.0,29207.5
2023-08-03 23:12:36,29193.03,29193.95,29221.5,29222.0,29207.0,29207.5
2023-08-03 23:12:47,29191.28,29191.74,29221.5,29222.0,29207.0,29207.5
2023-08-03 23:12:58,29190.82,29191.93,29221.5,29222.0,29207.0,29207.5
2023-08-03 23:13:09,29191.08,29191.86,29221.5,29222.0,29204.5,29205.0
2023-08-03 23:13:20,29189.91,29190.51,29221.5,29222.0,29203.0,29204.0
2023-08-03 23:13:31,29189.46,29190.36,29221.5,29222.0,29202.5,29203.0
2023-08-03 23:13:41,29189.55,29190.38,29221.5,29222.0,29202.5,29203.0
2023-08-03 23:13:52,29188.1,29189.14,29221.5,29222.0,29202.0,29202.5
2023-08-03 23:14:03,29188.22,29188.92,29221.5,29222.0,29202.0,29202.5
2023-08-03 23:14:14,29188.78,29189.61,29221.5,29222.0,29202.0,29202.5
2023-08-03 23:14:25,29187.01,29187.98,29221.5,29222.0,29202.0,29202.5
2023-08-03 23:14:35,29187.02,29188.25,29221.5,29222.0,29201.5,29202.0
2023-08-03 23:14:46,29187.69,29188.45,29220.5,29221.0,29201.0,29201.5
2023-08-03 23:14:57,29186.29,29186.86,29220.5,29221.0,29201.0,29201.5
2023-08-03 23:15:08,29185.99,29187.0,29217.5,29218.0,29201.0,29201.5
2023-08-03 23:15:18,29188.18,29189.39,29217.5,29218.0,29201.0,29201.5
2023-08-03 23:15:29,29188.09,29188.98,29217.5,29218.0,29201.0,29201.5
2023-08-03 23:15:40,29186.6,29187.92,29217.5,29218.0,29201.0,29201.5
2023-08-03 23:15:51,29186.08,29186.85,29217.5,29218.0,29201.0,29201.5
2023-08-03 23:16:02,29186.66,29187.4,29217.5,29218.0,29201.0,29201.5
2023-08-03 23:16:13,29186.1,29187.17,29217.5,29218.0,29201.0,29201.5
2023-08-03 23:16:23,29179.35,29181.22,29212.5,29213.0,29201.0,29201.5
2023-08-03 23:16:34,29176.3,29176.79,29206.0,29206.5,29190.5,29191.0
2023-08-03 23:16:45,29176.59,29176.63,29206.0,29206.5,29188.5,29189.0
2023-08-03 23:16:56,29175.04,29175.93,29206.0,29206.5,29188.0,29188.5
2023-08-03 23:17:07,29176.57,29177.3,29206.0,29206.5,29188.0,29188.5
2023-08-03 23:17:17,29175.08,29176.2,29206.0,29206.5,29188.0,29188.5
2023-08-03 23:17:28,29175.38,29175.97,29206.0,29206.5,29188.0,29188.5
2023-08-03 23:17:39,29176.0,29176.99,29206.0,29206.5,29188.0,29188.5
2023-08-03 23:17:50,29175.13,29175.95,29206.0,29206.5,29188.0,29188.5
2023-08-03 23:18:01,29175.07,29176.0,29206.0,29206.5,29188.0,29188.5
2023-08-03 23:18:12,29175.38,29176.37,29206.0,29206.5,29188.0,29188.5
2023-08-03 23:18:22,29168.32,29170.0,29203.0,29203.5,29185.0,29185.5
2023-08-03 23:18:33,29170.11,29170.89,29203.0,29203.5,29184.5,29185.0
2023-08-03 23:18:44,29170.49,29171.51,29203.0,29203.5,29184.5,29185.0
2023-08-03 23:18:55,29170.14,29171.24,29203.0,29203.5,29184.5,29185.0
2023-08-03 23:19:06,29168.98,29168.99,29203.0,29203.5,29181.5,29182.0
2023-08-03 23:19:16,29168.93,29169.25,29203.0,29203.5,29182.0,29182.5
2023-08-03 23:19:27,29169.2,29169.61,29200.5,29201.0,29182.0,29182.5
2023-08-03 23:19:38,29168.22,29169.74,29200.5,29201.0,29181.5,29182.0
2023-08-03 23:19:49,29170.37,29170.82,29200.5,29201.0,29182.5,29183.0
2023-08-03 23:19:59,29169.59,29170.43,29200.5,29201.0,29182.5,29183.0
2023-08-03 23:20:10,29170.94,29171.93,29200.5,29201.0,29182.5,29183.0
2023-08-03 23:20:21,29168.33,29169.48,29200.5,29201.0,29182.5,29183.0
2023-08-03 23:20:32,29170.23,29170.87,29200.5,29201.0,29183.0,29183.5
2023-08-03 23:20:43,29169.61,29170.65,29200.5,29201.0,29183.0,29183.5
2023-08-03 23:20:53,29169.08,29169.83,29200.5,29201.0,29183.0,29183.5
2023-08-03 23:21:04,29169.18,29169.96,29200.5,29201.0,29183.0,29183.5
2023-08-03 23:21:15,29169.6,29169.94,29200.5,29201.0,29183.0,29183.5
2023-08-03 23:21:26,29170.41,29171.43,29200.5,29201.0,29183.0,29183.5
2023-08-03 23:21:37,29176.25,29177.19,29207.5,29208.0,29188.0,29188.5
2023-08-03 23:21:47,29176.02,29176.59,29207.5,29208.0,29188.0,29188.5
2023-08-03 23:21:58,29176.1,29176.9,29207.5,29208.0,29188.0,29188.5
2023-08-03 23:22:09,29174.02,29175.0,29207.5,29208.0,29188.0,29188.5
2023-08-03 23:22:20,29172.29,29174.72,29207.5,29208.0,29188.0,29188.5
2023-08-03 23:22:31,29173.06,29174.0,29207.5,29208.0,29188.0,29188.5
2023-08-03 23:22:41,29176.41,29177.38,29207.5,29208.0,29188.0,29188.5
2023-08-03 23:22:52,29175.6,29176.53,29207.5,29208.0,29188.0,29188.5
2023-08-03 23:23:03,29177.21,29177.98,29207.5,29208.0,29188.0,29188.5
2023-08-03 23:23:14,29177.55,29177.98,29207.5,29208.0,29188.0,29188.5
2023-08-03 23:23:25,29176.94,29177.87,29207.5,29208.0,29188.0,29188.5
2023-08-03 23:23:36,29177.88,29177.9,29207.5,29208.0,29188.0,29188.5
2023-08-03 23:23:46,29177.2,29177.93,29207.5,29208.0,29188.0,29188.5
2023-08-03 23:23:57,29177.27,29177.49,29207.5,29208.0,29188.0,29188.5
2023-08-03 23:24:08,29177.58,29177.6,29207.5,29208.0,29188.0,29188.5
2023-08-03 23:24:19,29176.43,29177.09,29207.5,29208.0,29188.0,29188.5
2023-08-03 23:24:30,29176.79,29177.52,29207.5,29208.0,29188.0,29188.5
2023-08-03 23:24:41,29179.34,29179.71,29207.5,29208.0,29188.0,29188.5
2023-08-03 23:24:51,29177.38,29178.37,29207.5,29208.0,29188.0,29188.5
2023-08-03 23:25:02,29174.24,29175.54,29207.5,29208.0,29188.0,29188.5
2023-08-03 23:25:13,29175.28,29176.65,29207.5,29208.0,29188.0,29188.5
2023-08-03 23:25:24,29175.0,29175.45,29207.5,29208.0,29188.0,29188.5
2023-08-03 23:25:35,29176.99,29177.5,29207.5,29208.0,29188.0,29188.5
2023-08-03 23:25:45,29178.67,29179.97,29207.5,29208.0,29188.0,29188.5
2023-08-03 23:25:56,29177.95,29178.74,29207.5,29208.0,29188.0,29188.5
2023-08-03 23:26:07,29175.58,29176.45,29207.5,29208.0,29188.0,29188.5
2023-08-03 23:26:18,29176.61,29177.53,29207.5,29208.0,29187.5,29188.0
2023-08-03 23:26:29,29178.8,29179.87,29207.5,29208.0,29188.0,29188.5
2023-08-03 23:26:40,29179.07,29180.86,29207.5,29208.0,29188.0,29188.5
2023-08-03 23:26:50,29180.86,29181.58,29207.5,29208.0,29188.0,29188.5
2023-08-03 23:27:01,29181.76,29182.2,29210.0,29210.5,29189.5,29190.0
2023-08-03 23:27:12,29184.59,29185.78,29215.0,29215.5,29195.0,29195.5
2023-08-03 23:27:23,29178.01,29179.1,29215.0,29215.5,29193.5,29194.0
2023-08-03 23:27:34,29178.01,29178.95,29215.0,29215.5,29193.5,29194.0
2023-08-03 23:27:45,29177.42,29178.52,29215.0,29215.5,29193.5,29194.0
2023-08-03 23:27:55,29178.43,29178.99,29215.0,29215.5,29193.5,29194.0
2023-08-03 23:28:06,29178.47,29179.13,29215.0,29215.5,29193.5,29194.0
2023-08-03 23:28:17,29180.44,29180.98,29215.0,29215.5,29193.5,29194.0
2023-08-03 23:28:28,29180.51,29180.85,29215.0,29215.5,29193.5,29194.0
2023-08-03 23:28:38,29180.84,29181.0,29215.0,29215.5,29193.5,29194.0
2023-08-03 23:28:49,29179.86,29180.44,29215.0,29215.5,29193.5,29194.0
2023-08-03 23:29:00,29178.45,29179.58,29215.0,29215.5,29193.5,29194.0
2023-08-03 23:29:11,29179.72,29180.59,29215.0,29215.5,29192.0,29192.5
2023-08-03 23:29:22,29179.04,29179.91,29215.0,29215.5,29192.0,29192.5
2023-08-03 23:29:32,29179.16,29179.81,29215.0,29215.5,29192.0,29192.5
2023-08-03 23:29:43,29173.93,29174.96,29209.0,29209.5,29188.5,29189.0
2023-08-03 23:29:54,29169.86,29170.64,29205.5,29206.0,29183.0,29183.5
2023-08-03 23:30:05,29169.4,29170.23,29205.5,29206.0,29180.0,29180.5
2023-08-03 23:30:16,29171.49,29171.89,29205.5,29206.0,29180.0,29180.5
2023-08-03 23:30:26,29172.17,29173.23,29205.5,29206.0,29180.0,29180.5
2023-08-03 23:30:37,29174.28,29174.88,29205.5,29206.0,29180.0,29180.5
2023-08-03 23:30:48,29174.29,29174.83,29205.5,29206.0,29180.0,29180.5
2023-08-03 23:30:59,29178.42,29179.06,29208.5,29209.0,29188.5,29189.0
2023-08-03 23:31:09,29178.38,29179.32,29208.5,29209.0,29189.0,29189.5
2023-08-03 23:31:20,29179.04,29179.69,29208.5,29209.0,29189.0,29189.5
2023-08-03 23:31:31,29178.47,29178.77,29208.5,29209.0,29189.0,29189.5
2023-08-03 23:31:42,29177.96,29179.0,29208.5,29209.0,29189.0,29189.5
2023-08-03 23:31:53,29176.77,29177.66,29208.5,29209.0,29189.0,29189.5
2023-08-03 23:32:03,29176.8,29177.56,29208.5,29209.0,29189.0,29189.5
2023-08-03 23:32:14,29176.52,29177.69,29208.5,29209.0,29189.0,29189.5
2023-08-03 23:32:25,29176.27,29176.84,29208.5,29209.0,29189.0,29189.5
2023-08-03 23:32:36,29176.38,29177.28,29208.5,29209.0,29189.0,29189.5
2023-08-03 23:32:47,29172.26,29173.77,29208.5,29209.0,29189.0,29189.5
2023-08-03 23:32:58,29172.94,29173.97,29208.5,29209.0,29186.0,29186.5
2023-08-03 23:33:09,29176.15,29177.24,29208.5,29209.0,29186.5,29187.0
2023-08-03 23:33:19,29175.72,29176.71,29208.5,29209.0,29186.5,29187.0
2023-08-03 23:33:30,29175.96,29176.94,29208.5,29209.0,29187.0,29187.5
2023-08-03 23:33:41,29173.12,29173.92,29208.5,29209.0,29186.0,29186.5
2023-08-03 23:33:52,29172.88,29173.13,29208.5,29209.0,29184.0,29184.5
2023-08-03 23:34:02,29172.24,29172.98,29208.5,29209.0,29184.0,29184.5
2023-08-03 23:34:13,29171.87,29172.05,29208.5,29209.0,29184.0,29184.5
2023-08-03 23:34:24,29172.54,29173.0,29208.5,29209.0,29184.0,29184.5
2023-08-03 23:34:35,29173.19,29173.96,29208.5,29209.0,29184.0,29184.5
2023-08-03 23:34:46,29170.36,29170.65,29208.5,29209.0,29184.0,29184.5
2023-08-03 23:34:56,29174.25,29174.92,29208.5,29209.0,29184.0,29184.5
2023-08-03 23:35:07,29178.09,29178.7,29208.5,29209.0,29184.5,29185.0
2023-08-03 23:35:18,29174.75,29175.87,29208.5,29209.0,29185.5,29186.0
2023-08-03 23:35:29,29174.62,29175.53,29208.5,29209.0,29186.0,29186.5
2023-08-03 23:35:40,29180.36,29181.72,29211.5,29212.0,29190.5,29191.0
2023-08-03 23:35:50,29179.03,29179.71,29211.5,29212.0,29190.5,29191.0
2023-08-03 23:36:01,29180.94,29181.91,29211.5,29212.0,29190.5,29191.0
2023-08-03 23:36:12,29182.41,29183.22,29219.0,29219.5,29190.5,29191.0
2023-08-03 23:36:23,29188.16,29189.18,29219.0,29219.5,29194.5,29195.0
2023-08-03 23:36:34,29186.72,29187.91,29219.0,29219.5,29197.0,29197.5
2023-08-03 23:36:44,29186.11,29187.81,29219.0,29219.5,29197.5,29198.0
2023-08-03 23:36:55,29190.61,29192.12,29220.5,29221.0,29198.5,29199.0
2023-08-03 23:37:06,29191.66,29192.3,29220.5,29221.0,29201.0,29201.5
2023-08-03 23:37:17,29192.87,29193.62,29220.5,29221.0,29201.0,29201.5
2023-08-03 23:37:27,29193.6,29193.61,29225.0,29225.5,29203.5,29204.0
2023-08-03 23:37:38,29192.87,29193.97,29228.0,29228.5,29204.5,29205.0
2023-08-03 23:37:49,29194.05,29194.96,29228.0,29228.5,29204.5,29205.0
2023-08-03 23:38:00,29190.01,29191.4,29228.0,29228.5,29204.5,29205.0
2023-08-03 23:38:11,29192.23,29192.38,29228.0,29228.5,29204.5,29205.0
2023-08-03 23:38:21,29191.78,29192.47,29228.0,29228.5,29204.5,29205.0
2023-08-03 23:38:32,29191.53,29192.65,29228.0,29228.5,29204.5,29205.0
2023-08-03 23:38:43,29193.88,29194.6,29228.0,29228.5,29204.5,29205.0
2023-08-03 23:38:54,29193.56,29194.58,29228.0,29228.5,29205.0,29205.5
2023-08-03 23:39:05,29193.81,29193.91,29228.0,29228.5,29205.0,29205.5
2023-08-03 23:39:16,29193.88,29193.93,29228.0,29228.5,29205.0,29205.5
2023-08-03 23:39:26,29193.68,29194.77,29228.0,29228.5,29205.0,29205.5
2023-08-03 23:39:37,29193.67,29194.36,29228.0,29228.5,29205.0,29205.5
2023-08-03 23:39:48,29195.72,29196.72,29228.0,29228.5,29205.0,29205.5
2023-08-03 23:39:59,29195.47,29196.35,29228.0,29228.5,29206.5,29207.0
2023-08-03 23:40:10,29195.0,29195.46,29228.0,29228.5,29206.5,29207.0
2023-08-03 23:40:21,29194.99,29195.07,29228.0,29228.5,29206.5,29207.0
2023-08-03 23:40:32,29197.09,29197.4,29228.0,29228.5,29207.0,29207.5
2023-08-03 23:40:42,29197.11,29197.88,29228.0,29228.5,29207.0,29207.5
2023-08-03 23:40:53,29194.37,29195.31,29228.0,29228.5,29207.0,29207.5
2023-08-03 23:41:04,29194.48,29194.98,29228.0,29228.5,29206.5,29207.0
2023-08-03 23:41:15,29195.63,29196.64,29228.0,29228.5,29205.5,29206.0
2023-08-03 23:41:26,29194.45,29195.33,29228.0,29228.5,29205.5,29206.0
2023-08-03 23:41:36,29194.18,29194.98,29228.0,29228.5,29205.5,29206.0
2023-08-03 23:41:47,29193.73,29194.66,29228.0,29228.5,29205.5,29206.0
2023-08-03 23:41:58,29191.63,29192.45,29223.5,29224.0,29205.0,29205.5
2023-08-03 23:42:09,29190.11,29190.85,29223.5,29224.0,29204.5,29205.0
2023-08-03 23:42:20,29189.55,29189.92,29223.5,29224.0,29204.5,29205.0
2023-08-03 23:42:30,29190.04,29190.96,29223.5,29224.0,29204.5,29205.0
2023-08-03 23:42:41,29189.77,29190.34,29223.5,29224.0,29204.5,29205.0
2023-08-03 23:42:52,29190.6,29191.47,29223.5,29224.0,29204.5,29205.0
2023-08-03 23:43:03,29188.79,29189.53,29223.5,29224.0,29204.5,29205.0
2023-08-03 23:43:13,29187.58,29188.97,29223.5,29224.0,29203.0,29203.5
2023-08-03 23:43:24,29189.27,29189.9,29223.5,29224.0,29203.0,29203.5
2023-08-03 23:43:35,29188.0,29189.08,29223.5,29224.0,29203.0,29203.5
2023-08-03 23:43:46,29189.1,29189.27,29223.5,29224.0,29203.0,29203.5
2023-08-03 23:43:57,29188.27,29189.13,29223.5,29224.0,29203.0,29203.5
2023-08-03 23:44:07,29187.78,29188.7,29223.5,29224.0,29203.0,29203.5
2023-08-03 23:44:18,29188.93,29189.71,29223.5,29224.0,29202.0,29202.5
2023-08-03 23:44:29,29189.17,29190.25,29223.5,29224.0,29202.0,29202.5
2023-08-03 23:44:40,29188.06,29188.99,29223.5,29224.0,29202.0,29202.5
2023-08-03 23:44:51,29189.06,29190.11,29223.5,29224.0,29202.0,29202.5
2023-08-03 23:45:01,29190.65,29191.48,29223.5,29224.0,29202.0,29202.5
2023-08-03 23:45:12,29191.06,29191.38,29223.5,29224.0,29202.0,29202.5
2023-08-03 23:45:23,29191.43,29192.24,29223.5,29224.0,29202.0,29202.5
2023-08-03 23:45:34,29196.01,29196.81,29223.5,29224.0,29202.0,29202.5
2023-08-03 23:45:45,29194.5,29195.33,29223.5,29224.0,29202.0,29202.5
2023-08-03 23:45:55,29196.75,29197.91,29223.5,29224.0,29203.0,29203.5
2023-08-03 23:46:06,29195.22,29196.17,29223.5,29224.0,29204.5,29205.0
2023-08-03 23:46:17,29195.93,29196.6,29223.5,29224.0,29207.0,29207.5
2023-08-03 23:46:28,29202.57,29203.62,29229.0,29229.5,29209.5,29210.0
2023-08-03 23:46:39,29204.25,29205.41,29232.5,29233.0,29212.5,29213.0
2023-08-03 23:46:50,29202.62,29203.03,29235.5,29236.0,29212.5,29213.0
2023-08-03 23:47:00,29205.0,29205.52,29236.5,29237.0,29216.0,29216.5
2023-08-03 23:47:11,29201.81,29202.75,29236.5,29237.0,29215.0,29215.5
2023-08-03 23:47:22,29203.59,29203.8,29236.5,29237.0,29214.0,29214.5
2023-08-03 23:47:33,29203.35,29203.47,29236.5,29237.0,29214.0,29214.5
2023-08-03 23:47:44,29202.6,29203.53,29236.5,29237.0,29214.0,29214.5
2023-08-03 23:47:54,29197.57,29198.94,29227.0,29227.5,29214.0,29214.5
2023-08-03 23:48:05,29198.93,29199.79,29227.0,29227.5,29213.0,29213.5
2023-08-03 23:48:16,29194.6,29195.58,29227.0,29227.5,29213.0,29213.5
2023-08-03 23:48:27,29192.42,29193.45,29227.0,29227.5,29210.0,29210.5
2023-08-03 23:48:37,29191.45,29192.3,29227.0,29227.5,29206.5,29207.0
2023-08-03 23:48:48,29190.15,29191.24,29227.0,29227.5,29206.5,29207.0
2023-08-03 23:48:59,29188.01,29189.28,29224.0,29224.5,29203.0,29203.5
2023-08-03 23:49:10,29186.05,29187.0,29220.0,29220.5,29201.0,29201.5
2023-08-03 23:49:20,29184.25,29184.96,29220.0,29220.5,29199.5,29200.0
2023-08-03 23:49:31,29182.02,29183.06,29217.5,29218.0,29199.0,29199.5
2023-08-03 23:49:42,29187.29,29187.97,29217.5,29218.0,29198.5,29199.0
2023-08-03 23:49:53,29187.19,29187.99,29217.5,29218.0,29198.5,29199.0
2023-08-03 23:50:04,29185.46,29187.18,29217.5,29218.0,29198.0,29198.5
2023-08-03 23:50:14,29188.46,29188.99,29217.5,29218.0,29198.0,29198.5
2023-08-03 23:50:25,29186.56,29187.58,29217.5,29218.0,29198.0,29198.5
2023-08-03 23:50:36,29189.39,29190.29,29217.5,29218.0,29198.0,29198.5
2023-08-03 23:50:47,29188.55,29189.91,29217.5,29218.0,29198.0,29198.5
2023-08-03 23:50:58,29186.35,29187.39,29217.5,29218.0,29198.0,29198.5
2023-08-03 23:51:09,29185.71,29186.19,29217.5,29218.0,29198.0,29198.5
2023-08-03 23:51:19,29186.4,29186.99,29217.5,29218.0,29198.0,29198.5
2023-08-03 23:51:30,29186.69,29187.1,29217.5,29218.0,29199.0,29199.5
2023-08-03 23:51:41,29188.98,29189.63,29217.5,29218.0,29199.0,29199.5
2023-08-03 23:51:52,29191.03,29191.78,29222.5,29223.0,29199.0,29199.5
2023-08-03 23:52:02,29191.88,29193.22,29222.5,29223.0,29203.0,29203.5
2023-08-03 23:52:13,29193.9,29194.23,29222.5,29223.0,29204.0,29204.5
2023-08-03 23:52:24,29194.39,29194.41,29222.5,29223.0,29204.5,29205.0
2023-08-03 23:52:35,29188.64,29189.59,29222.5,29223.0,29203.5,29204.0
2023-08-03 23:52:46,29186.7,29187.84,29220.0,29220.5,29201.5,29202.0
2023-08-03 23:52:57,29185.7,29185.93,29220.0,29220.5,29199.5,29200.0
2023-08-03 23:53:07,29182.83,29183.95,29217.0,29217.5,29197.5,29198.0
2023-08-03 23:53:18,29175.59,29177.6,29210.0,29210.5,29193.0,29194.5
2023-08-03 23:53:29,29176.16,29176.55,29210.0,29210.5,29188.0,29189.0
2023-08-03 23:53:40,29174.11,29175.12,29210.0,29210.5,29186.0,29186.5
2023-08-03 23:53:51,29173.17,29173.98,29207.0,29207.5,29185.0,29185.5
2023-08-03 23:54:01,29172.44,29173.33,29207.0,29207.5,29184.5,29185.0
2023-08-03 23:54:12,29173.33,29174.42,29207.0,29207.5,29184.5,29185.0
2023-08-03 23:54:23,29174.25,29175.24,29207.0,29207.5,29184.5,29185.0
2023-08-03 23:54:34,29165.23,29166.46,29204.5,29205.0,29182.0,29182.5
2023-08-03 23:54:45,29162.65,29163.34,29203.5,29204.0,29180.0,29180.5
2023-08-03 23:54:55,29164.17,29164.89,29203.5,29204.0,29174.5,29175.0
2023-08-03 23:55:06,29163.34,29163.89,29201.5,29202.0,29174.0,29174.5
2023-08-03 23:55:17,29164.48,29165.17,29201.5,29202.0,29174.5,29175.0
2023-08-03 23:55:28,29165.67,29165.99,29201.5,29202.0,29175.0,29175.5
2023-08-03 23:55:38,29165.59,29165.89,29201.5,29202.0,29175.0,29175.5
2023-08-03 23:55:49,29165.99,29166.37,29201.5,29202.0,29175.0,29175.5
2023-08-03 23:56:00,29165.5,29165.77,29201.5,29202.0,29175.0,29175.5
2023-08-03 23:56:11,29164.01,29164.73,29201.5,29202.0,29175.0,29175.5
2023-08-03 23:56:22,29163.38,29164.48,29201.5,29202.0,29175.0,29175.5
2023-08-03 23:56:33,29160.82,29161.79,29201.5,29202.0,29175.0,29175.5
2023-08-03 23:56:44,29158.94,29159.96,29201.5,29202.0,29175.0,29175.5
2023-08-03 23:56:54,29161.65,29162.43,29201.5,29202.0,29175.0,29175.5
2023-08-03 23:57:05,29162.91,29163.76,29201.5,29202.0,29174.0,29174.5
2023-08-03 23:57:16,29158.73,29159.58,29201.5,29202.0,29174.0,29174.5
2023-08-03 23:57:27,29159.12,29160.15,29201.5,29202.0,29173.0,29173.5
2023-08-03 23:57:38,29159.17,29160.03,29201.5,29202.0,29173.0,29173.5
2023-08-03 23:57:48,29158.89,29159.66,29201.5,29202.0,29173.0,29173.5
2023-08-03 23:57:59,29162.14,29163.46,29201.5,29202.0,29173.0,29173.5
2023-08-03 23:58:10,29161.41,29162.49,29201.5,29202.0,29174.5,29175.0
2023-08-03 23:58:21,29162.71,29162.94,29201.5,29202.0,29174.5,29175.0
2023-08-03 23:58:32,29162.87,29163.38,29201.5,29202.0,29174.5,29175.0
2023-08-03 23:58:42,29161.07,29161.97,29201.5,29202.0,29174.5,29175.0
2023-08-03 23:58:53,29162.7,29162.93,29201.5,29202.0,29174.5,29175.0
2023-08-03 23:59:04,29163.04,29163.82,29201.5,29202.0,29174.5,29175.0
2023-08-03 23:59:15,29163.72,29164.87,29201.5,29202.0,29175.0,29175.5
2023-08-03 23:59:26,29163.03,29163.86,29201.5,29202.0,29175.0,29175.5
2023-08-03 23:59:36,29161.06,29161.97,29201.5,29202.0,29174.0,29174.5
2023-08-03 23:59:47,29160.98,29162.0,29201.5,29202.0,29174.0,29174.5
2023-08-03 23:59:58,29161.79,29162.17,29201.5,29202.0,29174.0,29174.5
2023-08-04 00:00:09,29160.55,29164.6,29191.5,29192.0,29172.0,29172.5
2023-08-04 00:00:20,29167.01,29169.9,29202.0,29202.5,29171.5,29173.0
2023-08-04 00:00:30,29160.38,29161.97,29193.5,29194.0,29173.0,29173.5
2023-08-04 00:00:41,29158.12,29159.17,29193.5,29194.0,29172.0,29172.5
2023-08-04 00:00:52,29150.97,29152.63,29186.0,29186.5,29170.0,29170.5
2023-08-04 00:01:03,29157.54,29157.88,29186.0,29186.5,29168.0,29168.5
2023-08-04 00:01:13,29166.04,29167.76,29194.0,29194.5,29175.5,29176.0
2023-08-04 00:01:24,29169.28,29170.0,29194.5,29195.0,29176.5,29177.0
2023-08-04 00:01:35,29168.24,29169.56,29197.5,29198.0,29177.5,29178.0
2023-08-04 00:01:46,29168.95,29169.9,29197.5,29198.0,29177.5,29178.0
2023-08-04 00:01:57,29170.35,29171.71,29200.5,29201.0,29178.0,29178.5
2023-08-04 00:02:07,29168.26,29169.27,29200.5,29201.0,29179.0,29179.5
2023-08-04 00:02:18,29177.25,29178.17,29208.0,29208.5,29188.0,29188.5
2023-08-04 00:02:29,29179.34,29180.6,29208.0,29208.5,29190.5,29191.0
2023-08-04 00:02:40,29177.37,29177.98,29208.0,29208.5,29190.5,29191.0
2023-08-04 00:02:51,29178.41,29178.99,29208.0,29208.5,29191.0,29191.5
2023-08-04 00:03:01,29180.01,29180.92,29208.0,29208.5,29192.0,29192.5
2023-08-04 00:03:12,29181.81,29181.93,29208.0,29208.5,29192.5,29193.0
2023-08-04 00:03:23,29181.21,29181.79,29208.0,29208.5,29193.0,29193.5
2023-08-04 00:03:34,29179.52,29180.63,29208.0,29208.5,29193.0,29193.5
2023-08-04 00:03:45,29182.08,29182.83,29208.0,29208.5,29193.5,29194.0
2023-08-04 00:03:55,29185.36,29186.5,29208.5,29209.0,29194.5,29195.0
2023-08-04 00:04:06,29185.67,29186.87,29209.5,29210.0,29195.0,29195.5
2023-08-04 00:04:17,29180.84,29181.77,29209.5,29210.0,29194.5,29195.0
2023-08-04 00:04:28,29184.64,29185.3,29210.5,29211.0,29195.5,29196.0
2023-08-04 00:04:39,29183.25,29184.34,29210.5,29211.0,29195.5,29196.0
2023-08-04 00:04:49,29184.96,29185.7,29210.5,29211.0,29195.5,29196.0
2023-08-04 00:05:00,29185.04,29185.54,29210.5,29211.0,29195.5,29196.0
2023-08-04 00:05:11,29185.91,29186.89,29210.5,29211.0,29195.5,29196.0
2023-08-04 00:05:22,29180.6,29181.52,29210.5,29211.0,29195.5,29196.0
2023-08-04 00:05:33,29182.08,29182.89,29210.5,29211.0,29195.5,29196.0
2023-08-04 00:05:43,29182.22,29183.04,29210.5,29211.0,29195.5,29196.0
2023-08-04 00:05:54,29181.65,29182.39,29210.5,29211.0,29195.5,29196.0
2023-08-04 00:06:05,29164.03,29166.25,29195.0,29195.5,29178.0,29178.5
2023-08-04 00:06:16,29158.89,29159.74,29190.0,29190.5,29174.0,29174.5
2023-08-04 00:06:26,29158.2,29159.2,29183.0,29183.5,29167.0,29167.5
2023-08-04 00:06:37,29166.42,29167.0,29198.0,29198.5,29177.0,29177.5
2023-08-04 00:06:48,29157.46,29157.87,29189.5,29190.0,29171.0,29171.5
2023-08-04 00:06:59,29154.27,29155.07,29187.5,29188.0,29168.0,29168.5
2023-08-04 00:07:10,29151.06,29151.9,29182.5,29183.0,29166.5,29167.0
2023-08-04 00:07:21,29149.62,29149.86,29182.5,29183.0,29165.0,29165.5
2023-08-04 00:07:32,29148.97,29149.95,29182.5,29183.0,29165.0,29165.5
2023-08-04 00:07:42,29147.0,29147.95,29182.5,29183.0,29163.0,29163.5
2023-08-04 00:07:53,29148.01,29148.8,29182.5,29183.0,29163.0,29163.5
2023-08-04 00:08:04,29147.36,29148.15,29181.5,29182.0,29162.0,29162.5
2023-08-04 00:08:15,29149.16,29149.6,29179.5,29180.0,29162.0,29162.5
2023-08-04 00:08:26,29145.62,29146.94,29179.5,29180.0,29162.0,29162.5
2023-08-04 00:08:36,29144.49,29145.59,29179.5,29180.0,29159.5,29160.0
2023-08-04 00:08:47,29146.18,29146.84,29179.5,29180.0,29158.5,29159.0
2023-08-04 00:08:58,29146.57,29147.09,29179.5,29180.0,29158.5,29159.0
2023-08-04 00:09:09,29138.92,29139.68,29173.5,29174.0,29151.0,29151.5
2023-08-04 00:09:20,29137.33,29137.94,29173.0,29173.5,29151.0,29151.5
2023-08-04 00:09:30,29134.0,29135.18,29173.0,29173.5,29151.0,29151.5
2023-08-04 00:09:41,29135.0,29136.23,29173.0,29173.5,29151.0,29151.5
2023-08-04 00:09:52,29136.81,29137.43,29172.0,29172.5,29151.0,29151.5
2023-08-04 00:10:03,29135.75,29136.84,29168.5,29169.0,29151.0,29151.5
2023-08-04 00:10:14,29141.92,29142.91,29168.5,29169.0,29151.0,29151.5
2023-08-04 00:10:24,29147.01,29147.92,29179.5,29180.0,29158.0,29158.5
2023-08-04 00:10:35,29150.51,29151.72,29182.5,29183.0,29162.5,29163.0
2023-08-04 00:10:46,29149.48,29150.47,29182.5,29183.0,29162.5,29163.0
2023-08-04 00:10:57,29150.18,29150.74,29182.5,29183.0,29164.0,29164.5
2023-08-04 00:11:08,29152.91,29153.61,29182.5,29183.0,29164.0,29164.5
2023-08-04 00:11:18,29152.0,29152.81,29182.5,29183.0,29164.0,29164.5
2023-08-04 00:11:29,29168.02,29169.87,29201.5,29202.0,29179.5,29180.0
2023-08-04 00:11:40,29164.36,29164.58,29200.5,29201.0,29177.0,29177.5
2023-08-04 00:11:51,29164.64,29165.42,29199.5,29200.0,29176.5,29177.0
2023-08-04 00:12:02,29168.83,29169.34,29199.5,29200.0,29178.5,29179.0
2023-08-04 00:12:12,29174.19,29175.0,29203.5,29204.0,29186.5,29187.0
2023-08-04 00:12:23,29174.29,29175.11,29203.5,29204.0,29186.5,29187.0
2023-08-04 00:12:34,29172.57,29173.54,29203.5,29204.0,29186.5,29187.0
