timestamp,Binance_BTCTUSD_bid,Binance_BTCTUSD_ask,Deribit_BTCPERPETUAL_bid,Deribit_BTCPERPETUAL_ask,Bitget_BTCUSDTUMCBL_bid,Bitget_BTCUSDTUMCBL_ask
2023-08-02 19:04:39,29134.38,29135.2,29156.0,29156.5,29133.0,29133.5
2023-08-02 19:04:49,29133.19,29133.65,29156.0,29156.5,29133.0,29133.5
2023-08-02 19:05:00,29140.74,29141.79,29156.0,29156.5,29135.0,29135.5
2023-08-02 19:05:11,29138.12,29139.4,29160.5,29161.0,29139.5,29140.0
2023-08-02 19:05:22,29137.57,29138.62,29160.5,29161.0,29136.5,29137.0
2023-08-02 19:05:33,29132.62,29133.56,29160.5,29161.0,29135.0,29135.5
2023-08-02 19:05:43,29130.35,29132.0,29160.5,29161.0,29133.0,29133.5
2023-08-02 19:05:54,29130.14,29131.21,29157.5,29158.0,29133.0,29133.5
2023-08-02 19:06:05,29130.47,29130.48,29157.5,29158.0,29133.0,29133.5
2023-08-02 19:06:16,29123.6,29125.1,29151.0,29151.5,29126.0,29126.5
2023-08-02 19:06:27,29124.01,29124.94,29151.0,29151.5,29123.0,29123.5
2023-08-02 19:06:37,29121.01,29122.13,29147.0,29147.5,29121.0,29121.5
2023-08-02 19:06:48,29120.37,29121.08,29147.0,29147.5,29121.0,29121.5
2023-08-02 19:06:59,29127.76,29128.29,29144.0,29144.5,29121.0,29121.5
2023-08-02 19:07:10,29125.73,29126.47,29144.0,29144.5,29121.0,29121.5
2023-08-02 19:07:21,29125.1,29126.03,29144.0,29144.5,29121.0,29121.5
2023-08-02 19:07:31,29122.31,29123.02,29144.0,29144.5,29121.0,29121.5
2023-08-02 19:07:42,29121.37,29122.16,29144.0,29144.5,29121.0,29121.5
2023-08-02 19:07:53,29121.74,29122.42,29144.0,29144.5,29121.0,29121.5
2023-08-02 19:08:04,29121.67,29122.58,29144.0,29144.5,29121.0,29121.5
2023-08-02 19:08:15,29124.77,29125.1,29144.0,29144.5,29121.0,29121.5
2023-08-02 19:08:25,29127.01,29127.99,29144.0,29144.5,29121.0,29121.5
2023-08-02 19:08:36,29126.89,29127.24,29144.0,29144.5,29121.0,29121.5
2023-08-02 19:08:47,29125.42,29126.31,29144.0,29144.5,29121.0,29121.5
2023-08-02 19:08:58,29132.53,29133.88,29151.0,29151.5,29130.0,29130.5
2023-08-02 19:09:08,29128.48,29128.89,29151.0,29151.5,29127.5,29128.0
2023-08-02 19:09:19,29130.61,29131.2,29151.0,29151.5,29127.5,29128.0
2023-08-02 19:09:30,29137.44,29137.61,29151.0,29151.5,29131.5,29132.0
2023-08-02 19:09:41,29130.83,29133.37,29153.5,29154.0,29132.0,29132.5
2023-08-02 19:09:52,29138.8,29139.49,29153.5,29154.0,29133.5,29134.0
2023-08-02 19:10:02,29141.12,29141.73,29153.5,29154.0,29135.0,29135.5
2023-08-02 19:10:13,29136.02,29137.09,29153.5,29154.0,29136.0,29136.5
2023-08-02 19:10:24,29137.02,29137.78,29153.5,29154.0,29136.0,29136.5
2023-08-02 19:10:35,29138.06,29138.16,29153.5,29154.0,29136.0,29136.5
2023-08-02 19:10:46,29128.75,29129.27,29153.5,29154.0,29131.0,29131.5
2023-08-02 19:10:56,29131.21,29132.07,29144.5,29145.0,29127.5,29128.0
2023-08-02 19:11:07,29128.25,29129.26,29144.5,29145.0,29127.5,29128.0
2023-08-02 19:18:58,29152.38,29153.59,29172.5,29173.0,29151.0,29151.5
2023-08-02 19:19:09,29152.36,29153.39,29172.5,29173.0,29151.0,29151.5
2023-08-02 19:19:20,29154.55,29155.86,29172.5,29173.0,29151.5,29152.0
2023-08-02 19:19:31,29158.35,29159.21,29177.5,29178.0,29157.5,29158.0
2023-08-02 19:19:41,29160.06,29161.13,29179.0,29179.5,29159.0,29159.5
2023-08-02 19:19:52,29155.82,29157.4,29179.0,29179.5,29157.5,29158.0
2023-08-02 19:20:03,29161.63,29162.74,29179.0,29179.5,29157.5,29158.0
2023-08-02 19:20:14,29163.75,29163.99,29179.0,29179.5,29160.5,29161.0
2023-08-02 19:20:25,29164.12,29164.81,29179.0,29179.5,29162.5,29163.0
2023-08-02 19:20:35,29158.67,29159.0,29179.0,29179.5,29159.0,29159.5
2023-08-02 19:20:46,29166.76,29167.81,29182.0,29182.5,29162.5,29163.0
2023-08-02 19:20:57,29168.65,29169.3,29182.0,29182.5,29163.0,29163.5
2023-08-02 19:21:08,29167.84,29168.85,29182.0,29182.5,29164.0,29164.5
2023-08-02 19:21:19,29164.12,29165.42,29182.0,29182.5,29163.5,29164.0
2023-08-02 19:21:29,29166.46,29167.14,29182.0,29182.5,29163.5,29164.0
2023-08-02 19:21:40,29161.53,29162.55,29182.0,29182.5,29163.5,29164.0
2023-08-02 19:21:51,29162.49,29163.28,29182.0,29182.5,29163.5,29164.0
2023-08-02 19:22:02,29164.01,29165.06,29182.0,29182.5,29163.5,29164.0
2023-08-02 19:22:13,29164.78,29164.88,29182.0,29182.5,29163.5,29164.0
2023-08-02 19:22:23,29162.64,29163.47,29182.0,29182.5,29164.0,29164.5
2023-08-02 19:22:34,29165.23,29165.88,29182.0,29182.5,29164.5,29165.0
2023-08-02 19:22:45,29169.28,29169.98,29192.0,29192.5,29168.0,29168.5
2023-08-02 19:22:56,29170.24,29170.91,29192.0,29192.5,29168.5,29169.0
2023-08-02 19:23:06,29170.42,29172.9,29195.0,29195.5,29175.5,29176.0
2023-08-02 19:23:17,29166.26,29167.98,29192.5,29193.0,29171.0,29171.5
2023-08-02 19:23:28,29167.77,29168.43,29192.5,29193.0,29170.5,29171.0
2023-08-02 19:23:39,29167.96,29168.88,29192.5,29193.0,29168.5,29169.0
2023-08-02 19:23:50,29165.77,29166.61,29192.5,29193.0,29168.5,29169.0
2023-08-02 19:24:00,29161.15,29161.99,29187.0,29187.5,29168.0,29168.5
2023-08-02 19:24:11,29160.55,29160.86,29185.0,29185.5,29168.0,29168.5
2023-08-02 19:24:22,29161.3,29162.47,29185.0,29185.5,29167.0,29167.5
2023-08-02 19:24:33,29162.56,29162.66,29185.0,29185.5,29164.0,29164.5
2023-08-02 19:24:44,29164.83,29166.0,29185.0,29185.5,29164.0,29164.5
2023-08-02 19:24:54,29164.74,29165.83,29185.0,29185.5,29164.0,29164.5
2023-08-02 19:25:05,29159.17,29160.59,29185.0,29185.5,29163.5,29164.0
2023-08-02 19:25:16,29164.01,29165.0,29185.0,29185.5,29157.5,29158.0
2023-08-02 19:25:27,29156.67,29157.97,29185.0,29185.5,29157.5,29158.0
2023-08-02 19:25:38,29154.36,29155.27,29185.0,29185.5,29157.5,29158.0
2023-08-02 19:25:48,29154.24,29154.83,29185.0,29185.5,29157.0,29157.5
2023-08-02 19:25:59,29153.64,29154.82,29185.0,29185.5,29157.0,29157.5
2023-08-02 19:26:10,29155.54,29156.62,29185.0,29185.5,29154.5,29155.0
2023-08-02 19:26:21,29153.78,29154.67,29179.0,29179.5,29153.0,29153.5
2023-08-02 19:26:32,29163.19,29163.2,29184.5,29185.0,29154.5,29155.0
2023-08-02 19:26:43,29157.62,29158.96,29184.5,29185.0,29154.5,29155.0
2023-08-02 19:26:53,29159.43,29160.1,29184.5,29185.0,29156.0,29156.5
2023-08-02 19:27:04,29159.75,29160.7,29184.5,29185.0,29156.5,29157.0
2023-08-02 19:27:15,29157.63,29158.77,29184.5,29185.0,29157.5,29158.0
2023-08-02 19:27:26,29153.53,29154.79,29179.0,29179.5,29154.5,29155.0
2023-08-02 19:27:36,29149.5,29150.37,29176.0,29176.5,29152.0,29152.5
2023-08-02 19:27:47,29149.53,29150.77,29176.0,29176.5,29151.5,29152.0
2023-08-02 19:27:58,29156.68,29157.08,29176.0,29176.5,29152.5,29153.0
2023-08-02 19:28:09,29155.75,29156.74,29176.0,29176.5,29152.5,29153.0
2023-08-02 19:28:20,29161.29,29161.89,29179.0,29179.5,29157.0,29157.5
2023-08-02 19:28:30,29165.64,29166.75,29185.0,29185.5,29159.0,29159.5
2023-08-02 19:28:41,29167.77,29168.44,29187.5,29188.0,29164.5,29165.0
2023-08-02 19:28:52,29171.0,29171.72,29187.5,29188.0,29166.0,29166.5
2023-08-02 19:29:03,29169.4,29170.32,29187.5,29188.0,29166.5,29167.0
2023-08-02 19:29:14,29171.15,29172.13,29187.5,29188.0,29166.5,29167.0
2023-08-02 19:29:25,29175.33,29176.62,29195.5,29196.0,29175.0,29175.5
2023-08-02 19:29:35,29168.56,29170.0,29195.5,29196.0,29172.5,29173.0
2023-08-02 19:29:46,29170.51,29171.53,29195.5,29196.0,29172.0,29172.5
2023-08-02 19:29:57,29171.67,29172.13,29195.5,29196.0,29172.0,29172.5
2023-08-02 19:30:08,29173.04,29174.52,29195.5,29196.0,29172.5,29173.0
2023-08-02 19:30:19,29178.08,29179.3,29195.5,29196.0,29175.0,29175.5
2023-08-02 19:30:30,29170.65,29171.95,29195.5,29196.0,29174.0,29174.5
2023-08-02 19:30:40,29165.45,29166.89,29193.5,29194.0,29168.5,29169.0
2023-08-02 19:30:51,29162.64,29164.32,29190.0,29190.5,29166.5,29167.0
2023-08-02 19:31:02,29162.61,29163.0,29190.0,29190.5,29166.5,29167.0
2023-08-02 19:31:13,29163.34,29163.97,29190.0,29190.5,29166.5,29167.0
2023-08-02 19:31:24,29162.8,29163.1,29188.5,29189.0,29166.5,29167.0
2023-08-02 19:31:34,29160.27,29160.82,29188.5,29189.0,29166.5,29167.0
2023-08-02 19:31:45,29157.32,29157.87,29185.0,29185.5,29160.5,29161.0
2023-08-02 19:31:56,29161.19,29162.42,29185.0,29185.5,29160.5,29161.0
2023-08-02 19:32:07,29157.45,29157.69,29185.0,29185.5,29160.5,29161.0
2023-08-02 19:32:18,29157.52,29158.05,29182.0,29182.5,29157.5,29158.0
2023-08-02 19:32:28,29165.1,29165.87,29182.0,29182.5,29157.5,29158.0
2023-08-02 19:32:39,29170.03,29171.14,29187.5,29188.0,29160.5,29161.0
2023-08-02 19:32:50,29164.83,29165.65,29187.5,29188.0,29165.5,29166.0
2023-08-02 19:33:01,29174.4,29174.9,29193.5,29194.0,29165.5,29166.0
2023-08-02 19:33:12,29163.37,29165.09,29188.0,29188.5,29165.5,29166.0
2023-08-02 19:33:22,29163.15,29164.28,29188.0,29188.5,29163.5,29164.0
2023-08-02 19:33:33,29159.54,29160.87,29185.0,29185.5,29163.0,29163.5
2023-08-02 19:33:44,29157.04,29158.08,29185.0,29185.5,29161.0,29161.5
2023-08-02 19:33:55,29155.88,29156.9,29183.5,29184.0,29158.0,29158.5
2023-08-02 19:34:06,29152.71,29153.56,29182.0,29182.5,29157.0,29157.5
2023-08-02 19:34:16,29147.25,29147.7,29176.0,29176.5,29151.5,29152.0
2023-08-02 19:34:27,29153.02,29153.89,29176.0,29176.5,29150.5,29151.0
2023-08-02 19:34:38,29155.52,29156.59,29176.0,29176.5,29151.0,29151.5
2023-08-02 19:34:49,29159.35,29160.09,29176.0,29176.5,29151.0,29151.5
2023-08-02 19:35:00,29154.12,29154.57,29176.0,29176.5,29151.0,29151.5
2023-08-02 19:35:11,29153.83,29154.59,29176.0,29176.5,29153.0,29153.5
2023-08-02 19:35:21,29158.17,29159.0,29176.0,29176.5,29154.5,29155.0
2023-08-02 19:35:32,29163.0,29163.89,29178.5,29179.0,29156.5,29157.0
2023-08-02 19:35:43,29162.01,29163.0,29178.5,29179.0,29157.0,29157.5
2023-08-02 19:35:54,29160.96,29161.46,29178.5,29179.0,29157.0,29157.5
2023-08-02 19:36:04,29158.23,29159.54,29178.5,29179.0,29156.0,29156.5
2023-08-02 19:36:15,29161.57,29162.6,29178.5,29179.0,29156.0,29156.5
2023-08-02 19:36:26,29167.02,29168.86,29189.5,29190.0,29166.0,29166.5
2023-08-02 19:36:37,29166.01,29166.96,29189.5,29190.0,29165.0,29165.5
2023-08-02 19:36:48,29165.78,29167.25,29189.5,29190.0,29165.0,29165.5
2023-08-02 19:36:58,29165.93,29166.39,29189.5,29190.0,29165.0,29165.5
2023-08-02 19:37:09,29163.23,29163.97,29189.5,29190.0,29165.0,29165.5
2023-08-02 19:37:20,29164.63,29165.59,29189.5,29190.0,29165.0,29165.5
2023-08-02 19:37:31,29162.6,29163.55,29189.5,29190.0,29165.0,29165.5
2023-08-02 19:37:42,29165.17,29166.44,29189.5,29190.0,29165.0,29165.5
2023-08-02 19:37:52,29165.0,29165.1,29189.5,29190.0,29165.0,29165.5
2023-08-02 19:38:03,29164.19,29165.08,29189.5,29190.0,29165.0,29165.5
2023-08-02 19:38:14,29162.56,29163.45,29189.5,29190.0,29165.0,29165.5
2023-08-02 19:38:25,29170.83,29171.46,29189.5,29190.0,29165.0,29165.5
2023-08-02 19:38:36,29168.67,29169.79,29189.5,29190.0,29165.0,29165.5
2023-08-02 19:38:47,29169.86,29171.36,29189.5,29190.0,29165.0,29165.5
2023-08-02 19:38:57,29176.29,29177.59,29189.5,29190.0,29167.5,29168.0
2023-08-02 19:39:08,29169.75,29170.49,29189.5,29190.0,29167.5,29168.0
2023-08-02 19:39:19,29169.66,29169.79,29189.5,29190.0,29168.5,29169.0
2023-08-02 19:39:30,29174.43,29174.86,29189.5,29190.0,29169.5,29170.0
2023-08-02 19:39:41,29172.06,29173.04,29189.5,29190.0,29170.0,29170.5
2023-08-02 19:39:51,29181.0,29182.53,29198.0,29198.5,29174.5,29175.0
2023-08-02 19:40:02,29176.12,29177.41,29198.0,29198.5,29176.0,29176.5
2023-08-02 19:40:13,29180.02,29181.2,29199.5,29200.0,29176.0,29176.5
2023-08-02 19:40:24,29184.38,29185.0,29199.5,29200.0,29176.0,29176.5
2023-08-02 19:40:35,29175.1,29175.98,29199.5,29200.0,29176.0,29176.5
2023-08-02 19:40:45,29174.12,29175.28,29199.5,29200.0,29176.0,29176.5
2023-08-02 19:40:56,29171.68,29174.0,29199.5,29200.0,29176.0,29176.5
2023-08-02 19:41:07,29169.23,29170.73,29190.5,29191.0,29168.0,29168.5
2023-08-02 19:41:18,29170.6,29171.24,29190.5,29191.0,29168.0,29168.5
2023-08-02 19:41:29,29170.08,29170.95,29190.5,29191.0,29168.0,29168.5
2023-08-02 19:41:39,29169.62,29170.59,29190.5,29191.0,29168.0,29168.5
2023-08-02 19:41:50,29162.74,29163.86,29190.5,29191.0,29168.0,29168.5
2023-08-02 19:42:01,29162.2,29162.98,29190.5,29191.0,29167.0,29167.5
2023-08-02 19:42:12,29161.4,29161.89,29186.5,29187.0,29160.0,29160.5
2023-08-02 19:42:22,29166.59,29167.44,29186.5,29187.0,29163.0,29163.5
2023-08-02 19:42:33,29162.44,29164.0,29186.5,29187.0,29162.0,29162.5
2023-08-02 19:42:44,29163.0,29163.74,29186.5,29187.0,29162.0,29162.5
2023-08-02 19:42:55,29164.35,29165.3,29186.5,29187.0,29162.0,29162.5
2023-08-02 19:43:06,29163.46,29164.47,29186.5,29187.0,29162.0,29162.5
2023-08-02 19:43:16,29162.2,29162.69,29186.5,29187.0,29162.0,29162.5
2023-08-02 19:43:27,29160.59,29161.8,29186.5,29187.0,29162.0,29162.5
2023-08-02 19:43:38,29166.17,29167.2,29186.5,29187.0,29163.0,29163.5
2023-08-02 19:43:49,29165.28,29166.42,29186.5,29187.0,29164.5,29165.0
2023-08-02 19:44:00,29164.12,29164.91,29186.5,29187.0,29164.5,29165.0
2023-08-02 19:44:10,29167.01,29168.55,29186.5,29187.0,29164.5,29165.0
2023-08-02 19:44:21,29160.16,29161.0,29186.5,29187.0,29164.5,29165.0
2023-08-02 19:44:32,29162.5,29162.78,29186.5,29187.0,29164.5,29165.0
2023-08-02 19:44:43,29166.08,29166.62,29201.5,29202.5,29174.5,29177.0
2023-08-02 19:44:54,29181.07,29182.19,29208.5,29209.0,29186.0,29186.5
2023-08-02 19:45:05,29181.47,29182.69,29208.5,29209.0,29186.0,29186.5
2023-08-02 19:45:16,29185.16,29187.94,29209.5,29210.0,29186.5,29187.0
2023-08-02 19:45:26,29175.26,29176.06,29206.0,29206.5,29181.5,29182.0
2023-08-02 19:45:37,29167.52,29169.17,29198.5,29199.0,29181.0,29181.5
2023-08-02 19:45:48,29171.58,29172.42,29198.5,29199.0,29173.0,29173.5
2023-08-02 19:45:59,29166.49,29167.27,29198.5,29199.0,29173.0,29173.5
2023-08-02 19:46:10,29165.73,29166.88,29196.0,29196.5,29173.0,29173.5
2023-08-02 19:46:20,29167.0,29168.7,29196.0,29196.5,29173.0,29173.5
2023-08-02 19:46:31,29169.1,29169.88,29196.0,29196.5,29173.0,29173.5
2023-08-02 19:46:42,29168.04,29168.88,29196.0,29196.5,29173.0,29173.5
2023-08-02 19:46:53,29168.15,29169.49,29199.0,29199.5,29173.0,29173.5
2023-08-02 19:47:04,29185.5,29186.49,29212.5,29213.0,29188.0,29188.5
2023-08-02 19:47:15,29182.8,29184.95,29212.5,29213.0,29187.0,29187.5
2023-08-02 19:47:26,29185.55,29186.04,29212.5,29213.0,29187.5,29188.0
2023-08-02 19:47:37,29186.53,29187.1,29212.5,29213.0,29188.0,29188.5
2023-08-02 19:47:47,29176.35,29176.8,29204.5,29205.0,29179.0,29179.5
2023-08-02 19:47:58,29171.56,29172.7,29204.0,29204.5,29179.0,29179.5
2023-08-02 19:48:09,29181.46,29183.25,29204.0,29204.5,29180.5,29181.0
2023-08-02 19:48:20,29180.02,29180.75,29204.0,29204.5,29181.5,29182.0
2023-08-02 19:48:30,29174.74,29176.0,29204.0,29204.5,29181.0,29181.5
2023-08-02 19:48:41,29174.19,29175.5,29204.0,29204.5,29179.0,29179.5
2023-08-02 19:48:52,29183.56,29184.52,29204.5,29205.0,29185.0,29185.5
2023-08-02 19:49:03,29181.75,29182.63,29204.5,29205.0,29186.0,29186.5
2023-08-02 19:49:14,29175.08,29175.94,29204.5,29205.0,29183.0,29183.5
2023-08-02 19:49:24,29174.32,29175.48,29204.5,29205.0,29183.0,29183.5
2023-08-02 19:49:35,29174.42,29174.98,29204.5,29205.0,29183.0,29183.5
2023-08-02 19:49:46,29170.61,29171.47,29202.0,29202.5,29180.0,29180.5
2023-08-02 19:49:57,29170.27,29170.82,29202.0,29202.5,29177.0,29177.5
2023-08-02 19:50:07,29167.0,29168.25,29196.5,29197.0,29177.0,29177.5
2023-08-02 19:50:18,29160.88,29162.65,29191.5,29192.0,29167.5,29168.0
2023-08-02 19:50:29,29157.73,29158.66,29191.5,29192.0,29165.5,29166.0
2023-08-02 19:50:40,29164.45,29164.83,29191.5,29192.0,29167.0,29167.5
2023-08-02 19:50:51,29165.82,29166.89,29191.5,29192.0,29167.5,29168.0
2023-08-02 19:51:01,29164.44,29165.41,29191.5,29192.0,29167.5,29168.0
2023-08-02 19:51:12,29167.34,29168.28,29197.5,29198.0,29170.5,29171.0
2023-08-02 19:51:23,29160.06,29160.99,29194.0,29194.5,29170.0,29170.5
2023-08-02 19:51:34,29161.31,29162.03,29194.0,29194.5,29168.0,29168.5
2023-08-02 19:51:45,29159.97,29160.63,29191.5,29192.0,29168.0,29168.5
2023-08-02 19:51:55,29159.0,29159.86,29191.5,29192.0,29168.0,29168.5
2023-08-02 19:52:06,29161.75,29162.26,29191.5,29192.0,29168.0,29168.5
2023-08-02 19:52:17,29158.73,29159.51,29191.5,29192.0,29168.0,29168.5
2023-08-02 19:52:28,29156.1,29156.89,29188.0,29188.5,29167.0,29167.5
2023-08-02 19:52:39,29156.63,29157.76,29188.0,29188.5,29164.0,29164.5
2023-08-02 19:52:50,29154.17,29155.66,29188.0,29188.5,29163.5,29164.0
2023-08-02 19:53:00,29151.3,29152.2,29181.5,29182.0,29162.5,29163.0
2023-08-02 19:53:11,29154.0,29154.76,29181.5,29182.0,29161.5,29162.0
2023-08-02 19:53:22,29153.48,29154.25,29181.5,29182.0,29161.5,29162.0
2023-08-02 19:53:33,29148.31,29150.0,29176.5,29177.0,29153.0,29153.5
2023-08-02 19:53:44,29145.83,29146.17,29176.5,29177.0,29153.0,29153.5
2023-08-02 19:53:54,29145.28,29146.58,29176.5,29177.0,29152.0,29152.5
2023-08-02 19:54:05,29143.78,29144.8,29175.0,29175.5,29152.0,29152.5
2023-08-02 19:54:16,29147.64,29148.63,29175.0,29175.5,29152.0,29152.5
2023-08-02 19:54:27,29143.45,29144.7,29175.0,29175.5,29150.5,29151.0
2023-08-02 19:54:38,29141.28,29142.51,29175.0,29175.5,29150.0,29150.5
2023-08-02 19:54:48,29142.01,29143.18,29170.0,29170.5,29148.0,29148.5
2023-08-02 19:54:59,29142.44,29143.59,29170.0,29170.5,29148.5,29149.0
2023-08-02 19:55:10,29139.82,29140.61,29170.0,29170.5,29146.0,29146.5
2023-08-02 19:55:21,29129.49,29130.34,29160.0,29160.5,29142.0,29142.5
2023-08-02 19:55:32,29128.71,29129.26,29160.0,29160.5,29138.0,29138.5
2023-08-02 19:55:42,29127.37,29129.35,29158.5,29159.0,29137.0,29137.5
2023-08-02 19:55:53,29132.62,29132.91,29158.5,29159.0,29136.0,29136.5
2023-08-02 19:56:04,29130.4,29131.48,29158.5,29159.0,29136.0,29136.5
2023-08-02 19:56:15,29126.1,29127.26,29158.5,29159.0,29136.0,29136.5
2023-08-02 19:56:26,29126.14,29126.93,29158.5,29159.0,29135.5,29136.0
2023-08-02 19:56:37,29130.38,29130.49,29158.5,29159.0,29136.0,29136.5
2023-08-02 19:56:47,29126.8,29127.81,29152.5,29153.0,29135.5,29136.0
2023-08-02 19:56:58,29124.35,29125.16,29152.5,29153.0,29134.0,29134.5
2023-08-02 19:57:09,29124.33,29124.96,29150.0,29150.5,29130.0,29130.5
2023-08-02 19:57:20,29133.98,29134.52,29154.0,29154.5,29136.5,29137.0
2023-08-02 19:57:31,29131.47,29132.83,29154.0,29154.5,29136.5,29137.0
2023-08-02 19:57:41,29131.96,29132.95,29154.0,29154.5,29137.0,29137.5
2023-08-02 19:57:52,29138.89,29139.8,29158.5,29159.0,29142.5,29143.0
2023-08-02 19:58:03,29131.66,29132.67,29158.5,29159.0,29141.0,29141.5
2023-08-02 19:58:14,29138.9,29139.0,29158.5,29159.0,29141.0,29141.5
2023-08-02 19:58:24,29140.34,29142.8,29161.5,29162.0,29147.5,29148.0
2023-08-02 19:58:35,29138.17,29138.78,29165.0,29165.5,29146.5,29147.0
2023-08-02 19:58:46,29139.04,29140.45,29165.0,29165.5,29146.0,29146.5
2023-08-02 19:58:57,29143.01,29143.95,29165.0,29165.5,29146.5,29147.0
2023-08-02 19:59:08,29138.64,29139.69,29165.0,29165.5,29148.0,29148.5
2023-08-02 19:59:19,29139.1,29139.82,29165.0,29165.5,29148.0,29148.5
2023-08-02 19:59:29,29137.78,29138.64,29165.0,29165.5,29148.0,29148.5
2023-08-02 19:59:40,29135.11,29136.0,29165.0,29165.5,29147.5,29148.0
2023-08-02 19:59:51,29130.21,29131.53,29157.5,29158.0,29144.0,29144.5
2023-08-02 20:00:02,29124.35,29125.34,29155.0,29155.5,29140.5,29141.0
2023-08-02 20:00:13,29115.83,29117.03,29145.5,29146.0,29126.5,29127.0
2023-08-02 20:00:23,29114.52,29115.65,29145.5,29146.0,29124.0,29124.5
2023-08-02 20:00:34,29115.46,29116.02,29145.5,29146.0,29122.5,29123.0
2023-08-02 20:00:45,29119.53,29120.32,29145.5,29146.0,29127.5,29128.0
2023-08-02 20:00:56,29120.01,29120.81,29145.5,29146.0,29127.5,29128.0
2023-08-02 20:01:07,29124.62,29126.2,29147.5,29148.0,29130.0,29130.5
2023-08-02 20:01:17,29116.49,29117.33,29147.5,29148.0,29130.0,29130.5
2023-08-02 20:01:28,29116.33,29117.76,29147.5,29148.0,29129.5,29130.0
2023-08-02 20:01:39,29120.01,29120.79,29147.5,29148.0,29129.5,29130.0
2023-08-02 20:01:50,29119.34,29121.43,29147.5,29148.0,29130.0,29130.5
2023-08-02 20:02:01,29121.95,29122.61,29147.5,29148.0,29130.0,29130.5
2023-08-02 20:02:12,29118.22,29119.17,29147.5,29148.0,29129.0,29129.5
2023-08-02 20:02:22,29114.09,29115.0,29147.5,29148.0,29127.5,29128.0
2023-08-02 20:02:33,29120.42,29120.83,29147.5,29148.0,29126.5,29127.0
2023-08-02 20:02:44,29122.15,29123.83,29150.5,29151.0,29133.0,29133.5
2023-08-02 20:02:55,29120.39,29121.28,29150.5,29151.0,29133.0,29133.5
2023-08-02 20:03:06,29125.15,29125.68,29150.5,29151.0,29133.5,29134.0
2023-08-02 20:03:16,29130.17,29131.09,29157.5,29158.0,29135.5,29136.0
2023-08-02 20:03:27,29130.51,29131.62,29157.5,29158.0,29139.5,29140.0
2023-08-02 20:03:38,29128.32,29128.65,29157.5,29158.0,29140.0,29140.5
2023-08-02 20:03:49,29128.46,29128.75,29157.5,29158.0,29139.5,29140.0
2023-08-02 20:04:00,29125.68,29126.96,29157.5,29158.0,29137.0,29137.5
2023-08-02 20:04:11,29130.52,29131.21,29157.5,29158.0,29137.5,29139.0
2023-08-02 20:04:21,29131.19,29132.32,29157.5,29158.0,29139.5,29140.0
2023-08-02 20:04:32,29130.36,29130.82,29157.5,29158.0,29139.5,29140.0
2023-08-02 20:04:43,29129.47,29130.23,29157.5,29158.0,29139.0,29139.5
2023-08-02 20:04:54,29129.93,29130.63,29157.5,29158.0,29139.0,29139.5
2023-08-02 20:05:05,29127.75,29128.69,29156.0,29156.5,29137.0,29137.5
2023-08-02 20:05:16,29123.74,29124.63,29156.0,29156.5,29137.0,29137.5
2023-08-02 20:05:26,29127.53,29128.53,29155.0,29155.5,29137.0,29137.5
2023-08-02 20:05:37,29131.22,29132.36,29154.5,29155.0,29139.0,29139.5
2023-08-02 20:05:48,29125.2,29126.05,29154.5,29155.0,29137.5,29138.0
2023-08-02 20:05:59,29124.05,29124.63,29154.5,29155.0,29137.5,29138.0
2023-08-02 20:06:10,29123.74,29124.67,29154.5,29155.0,29137.0,29137.5
2023-08-02 20:06:20,29124.93,29125.99,29154.0,29154.5,29137.0,29137.5
2023-08-02 20:06:31,29119.53,29120.7,29153.0,29153.5,29135.0,29135.5
2023-08-02 20:06:42,29119.25,29120.26,29153.0,29153.5,29135.0,29135.5
2023-08-02 20:06:53,29112.12,29113.56,29143.5,29144.0,29124.5,29125.0
2023-08-02 20:07:03,29113.31,29115.55,29143.0,29143.5,29124.0,29124.5
2023-08-02 20:07:14,29109.01,29109.86,29142.0,29142.5,29122.5,29123.0
2023-08-02 20:07:25,29108.97,29110.19,29142.0,29142.5,29121.0,29121.5
2023-08-02 20:07:36,29106.56,29107.0,29140.0,29140.5,29118.0,29118.5
2023-08-02 20:07:47,29103.67,29104.65,29138.0,29138.5,29114.5,29115.0
2023-08-02 20:07:57,29110.29,29111.01,29138.0,29138.5,29117.5,29118.0
2023-08-02 20:08:08,29113.77,29114.73,29138.0,29138.5,29117.5,29118.0
2023-08-02 20:08:19,29104.05,29105.3,29138.0,29138.5,29118.0,29118.5
2023-08-02 20:08:30,29103.18,29104.28,29130.5,29131.0,29118.0,29118.5
2023-08-02 20:08:40,29106.03,29106.89,29130.5,29131.0,29118.0,29118.5
2023-08-02 20:08:51,29102.5,29103.12,29130.5,29131.0,29118.0,29118.5
2023-08-02 20:09:02,29103.32,29103.9,29130.5,29131.0,29118.0,29118.5
2023-08-02 20:09:13,29106.92,29108.4,29130.5,29131.0,29118.0,29118.5
2023-08-02 20:09:24,29107.27,29108.2,29135.5,29136.0,29118.5,29119.0
2023-08-02 20:09:35,29105.24,29105.93,29132.5,29133.0,29118.0,29118.5
2023-08-02 20:09:45,29110.03,29111.65,29132.5,29133.0,29118.0,29118.5
2023-08-02 20:09:56,29116.37,29117.35,29141.5,29142.0,29119.5,29120.0
2023-08-02 20:10:07,29111.8,29112.72,29141.5,29142.0,29119.5,29120.0
2023-08-02 20:10:18,29108.05,29108.81,29139.0,29139.5,29119.5,29120.0
2023-08-02 20:10:29,29106.28,29106.9,29132.5,29133.0,29119.5,29120.0
2023-08-02 20:10:39,29106.3,29107.65,29132.5,29133.0,29117.5,29118.0
2023-08-02 20:10:50,29105.29,29106.08,29132.5,29133.0,29117.5,29118.0
2023-08-02 20:11:01,29109.66,29110.51,29132.5,29133.0,29117.5,29118.0
2023-08-02 20:11:12,29108.03,29108.65,29132.5,29133.0,29117.5,29118.0
2023-08-02 20:11:23,29107.02,29107.72,29132.5,29133.0,29117.5,29118.0
2023-08-02 20:11:33,29103.56,29104.1,29132.0,29132.5,29114.5,29115.0
2023-08-02 20:11:44,29101.83,29102.38,29132.0,29132.5,29114.5,29115.0
2023-08-02 20:11:55,29102.06,29102.96,29132.0,29132.5,29113.0,29113.5
2023-08-02 20:12:06,29102.97,29104.0,29132.0,29132.5,29113.0,29113.5
2023-08-02 20:12:17,29103.18,29103.73,29132.0,29132.5,29113.0,29113.5
2023-08-02 20:12:28,29102.35,29103.23,29132.0,29132.5,29113.0,29113.5
2023-08-02 20:12:38,29109.33,29109.79,29132.0,29132.5,29114.5,29115.0
2023-08-02 20:12:49,29108.34,29109.09,29132.0,29132.5,29114.5,29115.0
2023-08-02 20:13:00,29101.1,29101.99,29132.0,29132.5,29111.5,29112.0
2023-08-02 20:13:11,29109.11,29109.49,29132.0,29132.5,29114.5,29115.0
2023-08-02 20:13:22,29110.04,29110.95,29132.0,29132.5,29114.5,29115.0
2023-08-02 20:13:33,29110.48,29111.0,29132.0,29132.5,29114.5,29115.0
2023-08-02 20:13:43,29110.57,29111.38,29135.5,29136.0,29114.5,29115.0
2023-08-02 20:13:54,29113.0,29113.85,29136.0,29136.5,29114.5,29115.0
2023-08-02 20:14:05,29112.8,29113.9,29136.5,29137.0,29118.0,29118.5
2023-08-02 20:14:16,29113.21,29113.95,29136.5,29137.0,29118.0,29118.5
2023-08-02 20:14:27,29117.34,29118.06,29144.0,29144.5,29126.5,29127.0
2023-08-02 20:14:38,29121.67,29122.44,29146.0,29146.5,29128.0,29128.5
2023-08-02 20:14:48,29119.43,29120.02,29146.0,29146.5,29129.0,29129.5
2023-08-02 20:14:59,29118.48,29119.1,29146.0,29146.5,29128.5,29129.0
2023-08-02 20:15:10,29111.18,29112.29,29140.0,29140.5,29123.0,29123.5
2023-08-02 20:15:21,29110.2,29110.6,29140.0,29140.5,29121.5,29122.0
2023-08-02 20:15:32,29112.63,29113.52,29140.0,29140.5,29123.0,29123.5
2023-08-02 20:15:42,29113.65,29114.0,29140.0,29140.5,29122.5,29123.0
2023-08-02 20:15:53,29115.75,29116.57,29140.0,29140.5,29122.5,29123.0
2023-08-02 20:16:04,29109.88,29110.72,29140.0,29140.5,29121.5,29122.0
2023-08-02 20:16:15,29105.43,29106.54,29140.0,29140.5,29121.0,29121.5
2023-08-02 20:16:26,29105.72,29106.27,29136.0,29136.5,29121.0,29121.5
2023-08-02 20:16:36,29107.05,29107.61,29136.0,29136.5,29118.0,29118.5
2023-08-02 20:16:47,29108.86,29109.5,29136.0,29136.5,29118.0,29118.5
2023-08-02 20:16:58,29109.65,29111.17,29136.0,29136.5,29117.5,29118.0
2023-08-02 20:17:09,29109.96,29110.75,29136.0,29136.5,29117.5,29118.0
2023-08-02 20:17:20,29105.12,29105.91,29136.0,29136.5,29117.5,29118.0
2023-08-02 20:17:30,29104.48,29105.39,29136.0,29136.5,29117.5,29118.0
2023-08-02 20:17:41,29105.67,29106.16,29136.0,29136.5,29115.5,29116.0
2023-08-02 20:17:52,29105.16,29105.82,29136.0,29136.5,29115.5,29116.0
2023-08-02 20:18:03,29107.95,29108.39,29133.0,29133.5,29115.5,29116.0
2023-08-02 20:18:14,29108.14,29108.82,29133.0,29133.5,29115.5,29116.0
2023-08-02 20:18:25,29109.98,29110.72,29133.0,29133.5,29116.0,29116.5
2023-08-02 20:18:35,29110.01,29110.77,29133.0,29133.5,29116.5,29117.0
2023-08-02 20:18:46,29109.74,29110.81,29133.0,29133.5,29116.5,29117.0
2023-08-02 20:18:57,29108.11,29108.7,29133.0,29133.5,29116.5,29117.0
2023-08-02 20:19:08,29106.85,29107.46,29131.5,29132.0,29116.5,29117.0
2023-08-02 20:19:19,29104.82,29105.49,29131.5,29132.0,29116.5,29117.0
2023-08-02 20:19:30,29101.69,29102.87,29131.5,29132.0,29116.5,29117.0
2023-08-02 20:19:40,29098.18,29099.2,29126.5,29127.0,29109.5,29110.0
2023-08-02 20:19:51,29098.29,29098.69,29122.5,29123.0,29106.0,29106.5
2023-08-02 20:20:02,29092.06,29094.66,29122.5,29123.0,29106.0,29106.5
2023-08-02 20:20:13,29087.26,29088.88,29118.0,29118.5,29097.0,29097.5
2023-08-02 20:20:24,29082.66,29083.67,29111.0,29111.5,29097.0,29097.5
2023-08-02 20:20:34,29093.13,29095.42,29118.0,29118.5,29099.0,29100.0
2023-08-02 20:20:45,29093.9,29094.62,29118.0,29118.5,29099.0,29099.5
2023-08-02 20:20:56,29106.09,29106.87,29131.5,29132.0,29111.5,29112.0
2023-08-02 20:21:07,29106.27,29107.13,29132.0,29132.5,29112.0,29112.5
2023-08-02 20:21:18,29107.62,29108.38,29132.0,29132.5,29112.5,29113.0
2023-08-02 20:21:29,29103.3,29104.18,29132.0,29132.5,29112.0,29112.5
2023-08-02 20:21:39,29107.27,29108.15,29132.0,29132.5,29112.5,29113.0
2023-08-02 20:21:50,29110.78,29111.39,29132.0,29132.5,29115.5,29116.0
2023-08-02 20:22:01,29111.89,29112.81,29132.0,29132.5,29118.5,29119.0
2023-08-02 20:22:12,29110.62,29111.33,29132.0,29132.5,29118.5,29119.0
2023-08-02 20:22:23,29111.29,29112.02,29132.0,29132.5,29118.5,29119.0
2023-08-02 20:22:34,29110.15,29111.78,29132.0,29132.5,29118.5,29119.0
2023-08-02 20:22:44,29111.5,29112.27,29132.0,29132.5,29118.5,29119.0
2023-08-02 20:22:55,29114.7,29115.02,29132.0,29132.5,29118.5,29119.0
2023-08-02 20:23:06,29111.01,29111.25,29132.0,29132.5,29118.5,29119.0
2023-08-02 20:23:17,29113.64,29114.73,29132.0,29132.5,29118.5,29119.0
2023-08-02 20:23:27,29114.72,29115.58,29132.0,29132.5,29118.5,29119.0
2023-08-02 20:23:38,29113.81,29114.95,29132.0,29132.5,29118.5,29119.0
2023-08-02 20:23:49,29114.61,29115.61,29132.0,29132.5,29118.5,29119.0
2023-08-02 20:24:00,29115.42,29116.05,29132.0,29132.5,29119.5,29120.0
2023-08-02 20:24:11,29112.6,29113.04,29132.0,29132.5,29120.5,29121.0
2023-08-02 20:24:21,29110.13,29110.99,29132.0,29132.5,29118.5,29119.0
2023-08-02 20:24:32,29110.32,29111.62,29132.0,29132.5,29117.5,29118.0
2023-08-02 20:24:43,29111.8,29112.15,29132.0,29132.5,29117.5,29118.0
2023-08-02 20:24:54,29113.57,29114.33,29132.0,29132.5,29119.5,29120.0
2023-08-02 20:25:04,29114.44,29115.31,29132.0,29132.5,29119.5,29120.0
2023-08-02 20:25:15,29118.96,29119.7,29139.5,29140.0,29121.5,29122.0
2023-08-02 20:25:26,29121.04,29122.49,29139.5,29140.0,29122.5,29123.0
2023-08-02 20:25:37,29122.38,29122.92,29139.5,29140.0,29122.5,29123.5
2023-08-02 20:25:47,29124.11,29124.95,29139.5,29140.0,29123.0,29123.5
2023-08-02 20:25:58,29118.6,29119.31,29137.0,29137.5,29121.0,29121.5
2023-08-02 20:26:09,29118.71,29119.57,29137.0,29137.5,29121.0,29121.5
2023-08-02 20:26:20,29119.85,29120.12,29137.0,29137.5,29121.5,29122.0
2023-08-02 20:26:30,29119.75,29120.62,29137.0,29137.5,29121.5,29122.0
2023-08-02 20:26:41,29119.46,29119.58,29137.0,29137.5,29121.5,29122.0
2023-08-02 20:26:52,29131.38,29132.49,29140.5,29141.0,29126.5,29127.0
2023-08-02 20:27:03,29129.22,29129.76,29140.5,29141.0,29129.0,29129.5
2023-08-02 20:27:14,29128.08,29128.61,29140.5,29141.0,29129.0,29129.5
2023-08-02 20:27:24,29127.72,29128.18,29140.5,29141.0,29128.5,29129.0
2023-08-02 20:27:35,29128.92,29129.88,29140.5,29141.0,29128.5,29129.0
2023-08-02 20:27:46,29128.3,29128.78,29140.5,29141.0,29128.5,29129.0
2023-08-02 20:27:57,29128.18,29128.54,29140.5,29141.0,29128.5,29129.0
2023-08-02 20:28:08,29128.37,29128.9,29140.5,29141.0,29128.5,29129.0
2023-08-02 20:28:18,29129.12,29129.69,29140.5,29141.0,29128.5,29129.0
2023-08-02 20:28:29,29129.74,29130.59,29140.5,29141.0,29128.5,29129.0
2023-08-02 20:28:40,29130.6,29130.99,29140.5,29141.0,29128.5,29129.0
2023-08-02 20:28:51,29129.01,29130.0,29140.5,29141.0,29128.5,29129.0
2023-08-02 20:29:02,29129.01,29129.74,29140.5,29141.0,29128.5,29129.0
2023-08-02 20:29:12,29131.59,29132.69,29140.5,29141.0,29131.0,29131.5
2023-08-02 20:29:23,29127.39,29127.96,29140.5,29141.0,29130.0,29130.5
2023-08-02 20:29:34,29128.52,29129.03,29140.5,29141.0,29130.0,29130.5
2023-08-02 20:29:45,29129.26,29129.95,29140.5,29141.0,29130.5,29131.0
2023-08-02 20:29:56,29139.37,29140.3,29151.5,29152.0,29130.5,29131.0
2023-08-02 20:30:06,29142.39,29143.56,29156.0,29156.5,29140.0,29140.5
2023-08-02 20:30:17,29141.68,29142.33,29156.0,29156.5,29140.0,29140.5
2023-08-02 20:30:28,29142.58,29143.21,29156.0,29156.5,29140.0,29140.5
2023-08-02 20:30:39,29141.39,29142.74,29156.0,29156.5,29140.5,29141.0
2023-08-02 20:30:50,29137.75,29138.28,29156.0,29156.5,29138.5,29139.0
2023-08-02 20:31:00,29136.26,29137.09,29156.0,29156.5,29137.5,29138.0
2023-08-02 20:31:11,29139.36,29140.0,29156.0,29156.5,29137.5,29138.0
2023-08-02 20:31:22,29144.84,29145.4,29156.0,29156.5,29139.5,29140.0
2023-08-02 20:31:33,29142.06,29142.88,29156.0,29156.5,29140.5,29141.0
2023-08-02 20:31:44,29144.69,29145.0,29156.0,29156.5,29140.5,29141.0
2023-08-02 20:31:55,29144.06,29145.03,29156.0,29156.5,29140.5,29141.0
2023-08-02 20:32:05,29144.98,29145.34,29156.0,29156.5,29141.0,29141.5
2023-08-02 20:32:16,29145.1,29145.7,29156.0,29156.5,29141.0,29141.5
2023-08-02 20:32:27,29141.05,29141.55,29156.0,29156.5,29141.0,29141.5
2023-08-02 20:32:38,29137.98,29138.56,29153.5,29154.0,29136.5,29137.0
2023-08-02 20:32:48,29138.16,29139.0,29153.5,29154.0,29137.5,29138.0
2023-08-02 20:32:59,29138.54,29139.27,29153.5,29154.0,29136.5,29137.0
2023-08-02 20:33:10,29137.28,29137.74,29153.5,29154.0,29137.0,29137.5
2023-08-02 20:33:21,29136.92,29137.79,29153.5,29154.0,29137.0,29137.5
2023-08-02 20:33:32,29134.89,29136.24,29153.5,29154.0,29136.0,29136.5
2023-08-02 20:33:43,29136.59,29137.24,29153.5,29154.0,29136.0,29136.5
2023-08-02 20:33:53,29136.24,29136.69,29153.5,29154.0,29136.0,29136.5
2023-08-02 20:34:04,29137.48,29137.93,29153.5,29154.0,29136.0,29136.5
2023-08-02 20:34:15,29135.47,29136.73,29153.5,29154.0,29136.0,29136.5
2023-08-02 20:34:26,29135.34,29136.52,29153.5,29154.0,29136.0,29136.5
2023-08-02 20:34:36,29135.47,29136.14,29153.5,29154.0,29136.0,29136.5
2023-08-02 20:34:47,29134.98,29135.15,29153.5,29154.0,29136.0,29136.5
2023-08-02 20:34:58,29134.09,29135.07,29153.5,29154.0,29136.0,29136.5
2023-08-02 20:35:09,29135.86,29136.35,29153.5,29154.0,29136.5,29137.0
2023-08-02 20:35:20,29133.07,29133.97,29153.5,29154.0,29136.0,29136.5
2023-08-02 20:35:31,29132.34,29133.11,29153.5,29154.0,29136.0,29136.5
2023-08-02 20:35:41,29133.29,29134.13,29153.5,29154.0,29136.0,29136.5
2023-08-02 20:35:52,29133.31,29134.81,29153.5,29154.0,29136.0,29136.5
2023-08-02 20:36:03,29132.98,29133.93,29153.5,29154.0,29136.0,29136.5
2023-08-02 20:36:14,29134.86,29135.42,29153.5,29154.0,29136.5,29137.0
2023-08-02 20:36:24,29134.53,29134.72,29153.5,29154.0,29136.5,29137.0
2023-08-02 20:36:35,29135.22,29135.84,29153.5,29154.0,29136.5,29137.0
2023-08-02 20:36:46,29140.67,29141.53,29153.5,29154.0,29137.5,29138.0
2023-08-02 20:36:57,29138.39,29139.25,29153.5,29154.0,29137.5,29138.0
2023-08-02 20:37:08,29139.34,29139.87,29153.5,29154.0,29137.5,29138.0
2023-08-02 20:37:19,29137.07,29137.9,29153.5,29154.0,29139.0,29139.5
2023-08-02 20:37:29,29137.41,29138.11,29153.5,29154.0,29138.0,29138.5
2023-08-02 20:37:40,29138.13,29138.92,29153.5,29154.0,29137.5,29138.5
2023-08-02 20:37:51,29139.94,29140.34,29153.5,29154.0,29138.0,29138.5
2023-08-02 20:38:02,29139.27,29140.38,29153.5,29154.0,29138.0,29138.5
2023-08-02 20:38:12,29140.69,29141.0,29153.5,29154.0,29138.5,29139.0
2023-08-02 20:38:23,29140.91,29141.71,29153.5,29154.0,29139.0,29139.5
2023-08-02 20:38:34,29142.08,29142.48,29153.5,29154.0,29139.5,29140.0
2023-08-02 20:38:45,29141.12,29141.73,29153.5,29154.0,29139.5,29140.0
2023-08-02 20:38:56,29140.02,29140.2,29153.5,29154.0,29139.5,29140.0
2023-08-02 20:39:06,29141.56,29142.38,29153.5,29154.0,29139.5,29140.0
2023-08-02 20:39:17,29142.11,29142.37,29153.5,29154.0,29139.5,29140.0
2023-08-02 20:39:28,29137.05,29138.09,29149.5,29150.0,29139.5,29140.0
2023-08-02 20:39:39,29136.51,29136.86,29149.5,29150.0,29137.0,29137.5
2023-08-02 20:39:49,29136.58,29137.59,29149.5,29150.0,29137.0,29137.5
2023-08-02 20:40:00,29139.3,29139.97,29149.5,29150.0,29137.0,29137.5
2023-08-02 20:40:11,29139.61,29140.4,29149.5,29150.0,29137.5,29138.0
2023-08-02 20:40:22,29139.5,29140.19,29149.5,29150.0,29137.5,29138.0
2023-08-02 20:40:32,29140.0,29140.29,29149.5,29150.0,29137.5,29138.0
2023-08-02 20:40:43,29141.0,29141.58,29149.5,29150.0,29137.5,29138.0
2023-08-02 20:40:54,29140.39,29141.18,29149.5,29150.0,29137.5,29138.0
2023-08-02 20:41:05,29140.4,29141.19,29149.5,29150.0,29137.5,29138.0
2023-08-02 20:41:16,29140.88,29141.66,29149.5,29150.0,29137.5,29138.0
2023-08-02 20:41:26,29140.75,29141.09,29149.5,29150.0,29137.5,29138.0
2023-08-02 20:41:37,29140.17,29140.63,29149.5,29150.0,29137.5,29138.0
2023-08-02 20:41:48,29140.81,29141.09,29149.5,29150.0,29137.5,29138.0
2023-08-02 20:41:59,29144.06,29144.64,29149.5,29150.0,29139.5,29140.0
2023-08-02 20:42:09,29143.29,29144.26,29149.5,29150.0,29140.0,29140.5
2023-08-02 20:42:20,29143.37,29144.35,29149.5,29150.0,29140.0,29140.5
2023-08-02 20:42:31,29141.0,29141.58,29151.0,29151.5,29140.0,29140.5
2023-08-02 20:42:42,29142.98,29143.57,29151.0,29151.5,29140.0,29140.5
2023-08-02 20:42:53,29141.03,29141.68,29151.0,29151.5,29140.5,29141.0
2023-08-02 20:43:03,29138.37,29139.48,29151.0,29151.5,29138.0,29138.5
2023-08-02 20:43:14,29139.27,29139.98,29151.0,29151.5,29138.5,29139.0
2023-08-02 20:43:25,29139.99,29140.56,29151.0,29151.5,29138.5,29139.0
2023-08-02 20:43:36,29140.57,29140.9,29151.0,29151.5,29138.5,29139.0
2023-08-02 20:43:47,29140.94,29141.83,29151.0,29151.5,29139.5,29140.0
2023-08-02 20:43:57,29141.63,29142.2,29151.0,29151.5,29139.5,29140.0
2023-08-02 20:44:08,29141.99,29142.62,29151.0,29151.5,29140.0,29140.5
2023-08-02 20:44:19,29143.48,29144.24,29151.0,29151.5,29141.5,29142.0
2023-08-02 20:44:30,29144.98,29146.53,29151.0,29151.5,29142.0,29142.5
2023-08-02 20:44:41,29144.29,29145.69,29156.0,29156.5,29145.5,29146.0
2023-08-02 20:44:51,29137.91,29139.87,29156.0,29156.5,29142.5,29143.0
2023-08-02 20:45:02,29139.73,29140.86,29150.5,29151.0,29140.5,29141.0
2023-08-02 20:45:13,29145.19,29145.95,29150.5,29151.0,29140.0,29140.5
2023-08-02 20:45:24,29147.85,29148.93,29150.5,29151.0,29144.0,29144.5
2023-08-02 20:45:35,29151.0,29152.0,29156.0,29156.5,29145.0,29145.5
2023-08-02 20:45:45,29148.45,29149.51,29156.0,29156.5,29146.5,29147.0
2023-08-02 20:45:56,29148.57,29149.32,29156.0,29156.5,29146.5,29147.0
2023-08-02 20:46:07,29152.64,29153.92,29156.0,29156.5,29147.5,29148.0
2023-08-02 20:46:18,29153.97,29154.79,29157.5,29158.0,29149.5,29150.0
2023-08-02 20:46:29,29156.28,29156.92,29160.5,29161.0,29152.5,29153.0
2023-08-02 20:46:39,29154.23,29154.79,29160.5,29161.0,29152.5,29153.0
2023-08-02 20:46:50,29154.65,29154.9,29160.5,29161.0,29152.0,29152.5
2023-08-02 20:47:01,29155.32,29156.0,29160.5,29161.0,29153.0,29153.5
2023-08-02 20:47:12,29158.38,29159.95,29161.5,29162.0,29153.5,29154.0
2023-08-02 20:47:23,29155.86,29156.81,29161.5,29162.0,29153.5,29154.0
2023-08-02 20:47:34,29156.62,29157.14,29161.5,29162.0,29153.5,29154.0
2023-08-02 20:47:44,29157.77,29158.22,29161.5,29162.0,29153.5,29154.0
2023-08-02 20:47:55,29158.11,29158.77,29161.5,29162.0,29153.5,29154.0
2023-08-02 20:48:06,29158.01,29158.61,29161.5,29162.0,29153.5,29154.0
2023-08-02 20:48:17,29154.54,29155.56,29161.5,29162.0,29153.5,29154.0
2023-08-02 20:48:27,29154.48,29155.41,29161.5,29162.0,29153.5,29154.0
2023-08-02 20:48:38,29150.42,29151.0,29161.5,29162.0,29153.5,29154.0
2023-08-02 20:48:49,29149.08,29150.15,29161.5,29162.0,29153.5,29154.0
2023-08-02 20:49:00,29150.5,29151.22,29161.5,29162.0,29153.5,29154.0
2023-08-02 20:49:10,29143.73,29144.55,29154.5,29155.0,29141.5,29142.0
2023-08-02 20:49:21,29144.04,29144.9,29154.5,29155.0,29141.5,29142.0
2023-08-02 20:49:32,29144.6,29144.75,29154.5,29155.0,29141.5,29142.0
2023-08-02 20:49:43,29141.27,29142.17,29154.5,29155.0,29141.5,29142.0
2023-08-02 20:49:54,29141.79,29142.77,29154.5,29155.0,29141.5,29142.0
2023-08-02 20:50:05,29145.0,29145.56,29154.5,29155.0,29141.5,29142.0
2023-08-02 20:50:15,29144.52,29145.21,29154.5,29155.0,29141.5,29142.0
2023-08-02 20:50:26,29138.22,29138.61,29153.0,29153.5,29137.0,29137.5
2023-08-02 20:50:37,29138.28,29139.04,29153.0,29153.5,29136.0,29136.5
2023-08-02 20:50:48,29137.11,29138.08,29150.5,29151.0,29135.0,29135.5
2023-08-02 20:50:59,29138.97,29139.9,29150.5,29151.0,29135.5,29136.0
2023-08-02 20:51:10,29137.47,29138.32,29150.5,29151.0,29135.5,29136.0
2023-08-02 20:51:20,29137.21,29137.93,29150.5,29151.0,29135.5,29136.0
2023-08-02 20:51:31,29137.23,29137.55,29150.5,29151.0,29135.5,29136.0
2023-08-02 20:51:42,29138.51,29139.05,29150.5,29151.0,29135.5,29136.0
2023-08-02 20:51:53,29136.77,29137.53,29150.5,29151.0,29135.5,29136.0
2023-08-02 20:52:04,29134.62,29135.29,29150.5,29151.0,29135.0,29135.5
2023-08-02 20:52:14,29134.01,29134.63,29150.5,29151.0,29135.0,29135.5
2023-08-02 20:52:25,29135.34,29135.49,29150.5,29151.0,29135.0,29135.5
2023-08-02 20:52:36,29135.49,29135.91,29150.5,29151.0,29135.0,29135.5
2023-08-02 20:52:47,29139.54,29140.93,29150.5,29151.0,29136.0,29136.5
2023-08-02 20:52:58,29139.74,29140.18,29150.5,29151.0,29136.0,29136.5
2023-08-02 20:53:08,29142.3,29142.81,29150.5,29151.0,29136.0,29136.5
2023-08-02 20:53:19,29142.26,29143.16,29150.5,29151.0,29136.0,29136.5
2023-08-02 20:53:30,29141.74,29142.53,29150.5,29151.0,29140.0,29140.5
2023-08-02 20:53:41,29142.0,29142.71,29150.5,29151.0,29140.0,29140.5
2023-08-02 20:53:51,29145.71,29146.65,29155.0,29155.5,29140.5,29141.0
2023-08-02 20:54:02,29147.55,29148.25,29155.0,29155.5,29140.5,29141.0
2023-08-02 20:54:13,29148.93,29149.5,29155.0,29155.5,29143.0,29143.5
2023-08-02 20:54:24,29143.63,29144.59,29155.0,29155.5,29143.0,29143.5
2023-08-02 20:54:34,29143.82,29144.33,29155.0,29155.5,29143.0,29143.5
2023-08-02 20:54:45,29144.57,29145.25,29155.0,29155.5,29143.0,29143.5
2023-08-02 20:54:56,29143.94,29143.95,29155.0,29155.5,29143.0,29143.5
2023-08-02 20:55:07,29138.48,29139.41,29155.0,29155.5,29143.0,29143.5
2023-08-02 20:55:18,29139.05,29139.33,29155.0,29155.5,29142.0,29142.5
2023-08-02 20:55:28,29139.69,29140.64,29155.0,29155.5,29142.0,29142.5
2023-08-02 20:55:39,29140.2,29140.35,29155.0,29155.5,29142.0,29142.5
2023-08-02 20:55:50,29139.79,29140.51,29155.0,29155.5,29142.0,29142.5
2023-08-02 20:56:01,29139.74,29140.49,29153.5,29154.0,29142.0,29142.5
2023-08-02 20:56:12,29140.36,29140.78,29153.0,29153.5,29142.0,29142.5
2023-08-02 20:56:23,29139.64,29140.5,29153.0,29153.5,29142.0,29142.5
2023-08-02 20:56:33,29141.43,29143.52,29153.0,29153.5,29142.0,29142.5
2023-08-02 20:56:44,29140.69,29141.5,29153.0,29153.5,29142.0,29142.5
2023-08-02 20:56:55,29139.4,29140.24,29153.0,29153.5,29142.0,29142.5
2023-08-02 20:57:06,29136.6,29136.97,29151.0,29151.5,29142.0,29142.5
2023-08-02 20:57:17,29136.24,29137.26,29150.5,29151.0,29142.0,29144.0
2023-08-02 20:57:28,29137.77,29138.59,29150.5,29151.0,29142.0,29142.5
2023-08-02 20:57:38,29138.37,29139.38,29150.5,29151.0,29142.0,29143.0
2023-08-02 20:57:49,29136.3,29137.04,29150.5,29151.0,29142.0,29143.0
2023-08-02 20:58:00,29128.09,29129.04,29143.0,29143.5,29132.5,29133.0
2023-08-02 20:58:11,29129.24,29129.99,29143.0,29143.5,29132.5,29133.0
2023-08-02 20:58:21,29129.55,29129.96,29143.0,29143.5,29132.5,29133.0
2023-08-02 20:58:32,29127.16,29127.99,29142.0,29142.5,29130.5,29131.0
2023-08-02 20:58:43,29121.53,29122.5,29138.0,29138.5,29122.0,29122.5
2023-08-02 20:58:54,29118.2,29119.06,29134.0,29134.5,29121.5,29122.0
2023-08-02 20:59:05,29115.74,29116.88,29130.0,29130.5,29116.5,29117.0
2023-08-02 20:59:16,29116.84,29117.59,29130.0,29130.5,29116.5,29117.0
2023-08-02 20:59:27,29122.74,29123.59,29130.0,29130.5,29116.5,29117.0
2023-08-02 20:59:37,29124.96,29125.65,29130.0,29130.5,29116.5,29117.0
2023-08-02 20:59:48,29124.56,29125.23,29130.0,29130.5,29121.0,29121.5
2023-08-02 20:59:59,29126.1,29126.98,29130.0,29130.5,29121.5,29122.0
2023-08-02 21:00:10,29122.01,29123.06,29130.0,29130.5,29121.5,29122.0
2023-08-02 21:00:21,29120.87,29121.62,29130.0,29130.5,29120.0,29120.5
2023-08-02 21:00:32,29118.45,29119.58,29130.0,29130.5,29118.5,29119.0
2023-08-02 21:00:43,29119.21,29119.82,29130.0,29130.5,29118.5,29119.0
2023-08-02 21:00:53,29120.67,29121.74,29130.0,29130.5,29118.5,29119.0
2023-08-02 21:01:04,29121.66,29122.45,29130.0,29130.5,29118.5,29119.0
2023-08-02 21:01:15,29123.02,29123.64,29130.0,29130.5,29118.5,29119.0
2023-08-02 21:01:26,29122.19,29122.87,29130.0,29130.5,29118.5,29119.0
2023-08-02 21:01:37,29121.11,29121.64,29130.0,29130.5,29118.5,29119.0
2023-08-02 21:01:47,29119.91,29120.43,29130.0,29130.5,29118.5,29119.0
2023-08-02 21:01:58,29121.63,29122.68,29130.0,29130.5,29118.5,29119.0
2023-08-02 21:02:09,29120.69,29121.16,29130.0,29130.5,29118.5,29119.0
2023-08-02 21:02:20,29120.08,29120.29,29130.0,29130.5,29118.5,29119.0
2023-08-02 21:02:30,29115.49,29116.42,29130.0,29130.5,29117.0,29118.0
2023-08-02 21:02:41,29112.72,29113.58,29125.0,29125.5,29116.0,29116.5
2023-08-02 21:02:52,29104.53,29105.55,29122.0,29122.5,29108.5,29109.0
2023-08-02 21:03:03,29103.62,29104.54,29119.0,29119.5,29107.0,29107.5
2023-08-02 21:03:14,29101.59,29102.5,29116.0,29116.5,29105.0,29105.5
2023-08-02 21:03:24,29100.24,29101.39,29116.0,29116.5,29102.5,29103.0
2023-08-02 21:03:35,29096.31,29097.59,29115.5,29116.0,29100.0,29100.5
2023-08-02 21:03:46,29097.1,29098.0,29112.5,29113.0,29094.0,29094.5
2023-08-02 21:03:57,29104.72,29105.33,29111.0,29111.5,29097.5,29098.0
2023-08-02 21:04:08,29104.29,29104.85,29111.0,29111.5,29098.0,29098.5
2023-08-02 21:04:18,29101.55,29102.39,29111.0,29111.5,29098.0,29098.5
2023-08-02 21:04:29,29103.52,29104.29,29111.0,29111.5,29098.0,29098.5
2023-08-02 21:04:40,29105.42,29106.09,29111.0,29111.5,29098.0,29098.5
2023-08-02 21:04:51,29105.83,29106.6,29111.0,29111.5,29099.0,29099.5
2023-08-02 21:05:02,29104.01,29104.57,29111.0,29111.5,29099.0,29099.5
2023-08-02 21:05:12,29108.26,29109.07,29117.5,29118.0,29099.5,29100.0
2023-08-02 21:05:23,29106.69,29107.0,29117.5,29118.0,29103.5,29104.0
2023-08-02 21:05:34,29106.25,29107.0,29117.5,29118.0,29103.5,29104.0
2023-08-02 21:05:45,29111.56,29111.96,29117.5,29118.0,29104.0,29104.5
2023-08-02 21:05:56,29108.94,29109.7,29117.5,29118.0,29104.0,29104.5
2023-08-02 21:06:07,29108.1,29109.2,29117.5,29118.0,29104.0,29104.5
2023-08-02 21:06:17,29105.3,29105.87,29117.5,29118.0,29104.0,29104.5
2023-08-02 21:06:28,29108.07,29109.14,29117.5,29118.0,29104.0,29104.5
2023-08-02 21:06:39,29111.33,29112.67,29117.5,29118.0,29104.5,29105.0
2023-08-02 21:06:50,29110.54,29111.26,29117.5,29118.0,29104.5,29105.0
2023-08-02 21:07:01,29110.36,29110.58,29117.5,29118.0,29104.5,29105.0
2023-08-02 21:07:11,29110.77,29111.51,29117.5,29118.0,29105.0,29105.5
2023-08-02 21:07:22,29110.46,29111.45,29117.5,29118.0,29105.0,29105.5
2023-08-02 21:07:33,29110.34,29110.99,29117.5,29118.0,29105.0,29105.5
2023-08-02 21:07:44,29110.6,29110.94,29117.5,29118.0,29105.0,29105.5
2023-08-02 21:07:55,29111.16,29111.92,29117.5,29118.0,29105.0,29105.5
2023-08-02 21:08:05,29107.71,29108.8,29117.5,29118.0,29106.0,29106.5
2023-08-02 21:08:16,29111.0,29111.41,29117.5,29118.0,29106.0,29106.5
2023-08-02 21:08:27,29109.74,29110.36,29117.5,29118.0,29106.0,29106.5
2023-08-02 21:08:38,29106.38,29107.7,29117.5,29118.0,29106.0,29106.5
2023-08-02 21:08:49,29109.89,29110.61,29117.5,29118.0,29106.0,29106.5
2023-08-02 21:08:59,29113.64,29114.3,29117.5,29118.0,29106.0,29106.5
2023-08-02 21:09:10,29113.69,29114.3,29117.5,29118.0,29106.0,29106.5
2023-08-02 21:09:21,29107.83,29108.83,29117.5,29118.0,29106.0,29106.5
2023-08-02 21:09:32,29107.49,29108.41,29117.5,29118.0,29106.0,29106.5
2023-08-02 21:09:43,29108.6,29109.28,29117.5,29118.0,29106.0,29106.5
2023-08-02 21:09:53,29108.85,29109.03,29117.5,29118.0,29106.0,29106.5
2023-08-02 21:10:04,29107.73,29108.33,29117.5,29118.0,29104.0,29104.5
2023-08-02 21:10:15,29107.4,29107.57,29117.5,29118.0,29104.0,29104.5
2023-08-02 21:10:26,29107.5,29107.54,29117.5,29118.0,29104.0,29104.5
2023-08-02 21:10:36,29107.76,29108.5,29117.5,29118.0,29104.0,29104.5
2023-08-02 21:10:47,29108.26,29108.97,29117.5,29118.0,29104.0,29104.5
2023-08-02 21:10:58,29101.07,29102.81,29117.5,29118.0,29104.0,29104.5
2023-08-02 21:11:09,29100.66,29101.0,29117.0,29117.5,29100.0,29100.5
2023-08-02 21:11:20,29102.4,29103.51,29117.0,29117.5,29100.0,29100.5
2023-08-02 21:11:30,29100.04,29100.94,29116.0,29116.5,29100.0,29100.5
2023-08-02 21:11:41,29098.54,29099.46,29116.0,29116.5,29099.0,29099.5
2023-08-02 21:11:52,29097.83,29098.72,29114.0,29114.5,29099.0,29099.5
2023-08-02 21:12:03,29102.39,29102.85,29114.0,29114.5,29099.0,29099.5
2023-08-02 21:12:13,29101.0,29101.46,29114.0,29114.5,29099.0,29099.5
2023-08-02 21:12:24,29107.24,29108.54,29114.0,29114.5,29100.0,29100.5
2023-08-02 21:12:35,29106.01,29106.47,29114.0,29114.5,29101.5,29102.0
2023-08-02 21:12:46,29107.52,29107.78,29118.0,29118.5,29102.0,29102.5
2023-08-02 21:12:57,29105.17,29105.78,29118.0,29118.5,29102.0,29102.5
2023-08-02 21:13:07,29099.35,29100.19,29118.0,29118.5,29102.0,29102.5
2023-08-02 21:13:18,29098.71,29099.5,29118.0,29118.5,29099.0,29099.5
2023-08-02 21:13:29,29098.78,29099.47,29118.0,29118.5,29099.0,29099.5
2023-08-02 21:13:40,29099.51,29100.06,29118.0,29118.5,29097.5,29098.0
2023-08-02 21:13:51,29098.78,29098.89,29118.0,29118.5,29097.5,29098.0
2023-08-02 21:14:01,29095.44,29096.94,29118.0,29118.5,29096.0,29096.5
2023-08-02 21:14:12,29095.61,29096.62,29118.0,29118.5,29094.5,29095.0
2023-08-02 21:14:23,29095.0,29095.94,29118.0,29118.5,29094.5,29095.0
2023-08-02 21:14:34,29097.54,29098.29,29111.5,29112.0,29094.5,29095.0
2023-08-02 21:14:45,29097.76,29098.2,29111.5,29112.0,29094.5,29095.0
2023-08-02 21:14:55,29088.12,29091.22,29105.0,29105.5,29090.0,29090.5
2023-08-02 21:15:06,29092.1,29092.82,29101.5,29102.0,29084.0,29084.5
2023-08-02 21:15:17,29095.36,29096.15,29101.5,29102.0,29087.0,29087.5
2023-08-02 21:15:28,29088.04,29089.97,29101.5,29102.0,29084.5,29085.0
2023-08-02 21:15:39,29087.02,29087.34,29101.5,29102.0,29084.5,29085.0
2023-08-02 21:15:50,29078.66,29080.39,29096.0,29096.5,29073.5,29074.0
2023-08-02 21:16:00,29072.0,29072.88,29086.5,29087.0,29067.0,29067.5
2023-08-02 21:16:11,29064.11,29066.21,29082.0,29082.5,29059.5,29060.0
2023-08-02 21:16:22,29069.06,29070.53,29082.0,29082.5,29061.5,29062.0
2023-08-02 21:16:33,29063.3,29064.47,29080.0,29080.5,29062.0,29062.5
2023-08-02 21:16:43,29058.76,29059.54,29075.0,29075.5,29061.0,29061.5
2023-08-02 21:16:54,29063.33,29065.25,29075.0,29075.5,29057.0,29058.0
2023-08-02 21:17:05,29058.28,29060.31,29075.0,29075.5,29055.5,29056.0
2023-08-02 21:17:16,29051.39,29053.19,29070.0,29070.5,29045.5,29046.0
2023-08-02 21:17:27,29058.07,29059.61,29069.0,29069.5,29048.0,29049.0
2023-08-02 21:17:38,29049.19,29051.16,29069.0,29069.5,29050.0,29050.5
2023-08-02 21:17:48,29054.0,29055.05,29069.0,29069.5,29048.5,29049.0
2023-08-02 21:17:59,29051.06,29052.09,29069.0,29069.5,29048.5,29049.0
2023-08-02 21:18:10,29050.66,29051.52,29069.0,29069.5,29045.5,29046.0
2023-08-02 21:18:21,29049.76,29050.6,29069.0,29069.5,29045.5,29046.0
2023-08-02 21:18:31,29053.05,29054.0,29069.0,29069.5,29045.5,29046.0
2023-08-02 21:18:42,29055.02,29055.99,29069.0,29069.5,29046.5,29047.0
2023-08-02 21:18:53,29054.41,29054.97,29069.0,29069.5,29046.5,29047.0
2023-08-02 21:19:04,29061.31,29061.88,29069.0,29069.5,29054.5,29055.0
2023-08-02 21:19:14,29066.61,29067.57,29074.5,29075.0,29055.5,29056.5
2023-08-02 21:19:25,29070.41,29071.57,29080.0,29080.5,29063.0,29063.5
2023-08-02 21:19:36,29073.06,29074.2,29080.0,29080.5,29063.0,29063.5
2023-08-02 21:19:47,29071.34,29072.63,29082.5,29083.0,29067.0,29067.5
2023-08-02 21:19:58,29070.42,29071.38,29082.5,29083.0,29066.0,29066.5
2023-08-02 21:20:08,29070.2,29071.08,29082.5,29083.0,29063.5,29064.0
2023-08-02 21:20:19,29072.8,29073.57,29082.5,29083.0,29064.0,29064.5
2023-08-02 21:20:30,29071.96,29072.58,29082.5,29083.0,29064.0,29064.5
2023-08-02 21:20:41,29072.77,29074.08,29082.5,29083.0,29064.0,29064.5
2023-08-02 21:20:52,29073.0,29073.68,29082.5,29083.0,29064.0,29064.5
2023-08-02 21:21:02,29070.27,29071.06,29082.5,29083.0,29064.0,29064.5
2023-08-02 21:21:13,29070.1,29070.99,29082.5,29083.0,29064.0,29064.5
2023-08-02 21:21:24,29072.0,29072.66,29082.5,29083.0,29064.5,29065.0
2023-08-02 21:21:35,29074.07,29074.97,29082.5,29083.0,29064.5,29065.0
2023-08-02 21:21:46,29103.34,29105.88,29111.5,29112.0,29095.5,29096.0
2023-08-02 21:21:56,29109.73,29110.0,29111.5,29112.0,29097.0,29097.5
2023-08-02 21:22:07,29109.71,29110.85,29111.5,29112.0,29098.5,29099.0
2023-08-02 21:22:18,29109.0,29109.71,29111.5,29112.0,29100.0,29100.5
2023-08-02 21:22:29,29111.56,29112.5,29111.5,29112.0,29102.5,29103.0
2023-08-02 21:22:39,29112.44,29114.46,29125.0,29125.5,29108.5,29109.0
2023-08-02 21:22:50,29117.51,29118.59,29125.0,29125.5,29108.5,29109.0
2023-08-02 21:23:01,29118.0,29118.91,29125.0,29125.5,29109.0,29109.5
2023-08-02 21:23:12,29117.0,29117.57,29126.0,29126.5,29110.5,29111.0
2023-08-02 21:23:23,29116.05,29116.52,29126.0,29126.5,29110.5,29111.0
2023-08-02 21:23:33,29119.18,29120.06,29127.5,29128.0,29111.0,29111.5
2023-08-02 21:23:44,29117.9,29118.25,29127.5,29128.0,29111.0,29111.5
2023-08-02 21:23:55,29119.06,29120.16,29127.5,29128.0,29111.0,29111.5
2023-08-02 21:24:06,29121.14,29121.9,29127.5,29128.0,29111.5,29112.0
2023-08-02 21:24:17,29120.58,29121.48,29127.5,29128.0,29112.0,29112.5
2023-08-02 21:24:27,29123.15,29124.45,29127.5,29128.0,29113.0,29113.5
2023-08-02 21:24:38,29124.06,29124.58,29127.5,29128.0,29113.0,29113.5
2023-08-02 21:24:49,29123.63,29124.98,29127.5,29128.0,29114.5,29115.0
2023-08-02 21:25:00,29125.01,29126.06,29132.5,29133.0,29117.5,29118.0
2023-08-02 21:25:10,29130.28,29131.19,29133.5,29134.0,29122.0,29122.5
2023-08-02 21:25:21,29130.67,29131.57,29137.5,29138.0,29124.5,29125.0
2023-08-02 21:25:32,29130.47,29130.99,29137.5,29138.0,29124.5,29125.0
2023-08-02 21:25:43,29130.66,29131.87,29137.5,29138.0,29124.5,29125.0
2023-08-02 21:25:54,29131.05,29131.9,29137.5,29138.0,29125.0,29125.5
2023-08-02 21:26:04,29136.01,29136.9,29145.5,29146.0,29129.5,29130.0
2023-08-02 21:26:15,29136.03,29136.99,29145.5,29146.0,29132.5,29133.0
2023-08-02 21:26:26,29139.59,29140.94,29146.5,29147.0,29133.5,29134.0
2023-08-02 21:26:37,29136.01,29136.99,29146.5,29147.0,29134.0,29134.5
2023-08-02 21:26:48,29134.14,29135.69,29149.0,29149.5,29128.5,29129.0
2023-08-02 21:26:58,29141.54,29143.77,29152.0,29152.5,29133.0,29133.5
2023-08-02 21:27:09,29145.03,29145.69,29152.0,29152.5,29134.0,29134.5
2023-08-02 21:27:20,29141.77,29141.99,29152.0,29152.5,29136.0,29136.5
2023-08-02 21:27:31,29139.6,29140.38,29152.0,29152.5,29136.0,29136.5
2023-08-02 21:27:41,29142.73,29143.99,29152.0,29152.5,29136.5,29137.0
2023-08-02 21:27:52,29144.83,29146.03,29152.0,29152.5,29136.5,29137.0
2023-08-02 21:28:03,29141.37,29141.87,29152.0,29152.5,29136.5,29137.0
2023-08-02 21:28:14,29147.01,29149.92,29161.5,29162.0,29139.5,29140.0
2023-08-02 21:28:25,29148.16,29149.0,29161.5,29162.0,29144.5,29145.5
2023-08-02 21:28:36,29149.12,29150.09,29161.5,29162.0,29143.0,29143.5
2023-08-02 21:28:46,29150.39,29151.13,29161.5,29162.0,29144.5,29145.0
2023-08-02 21:28:57,29150.82,29151.45,29161.5,29162.0,29144.5,29145.0
2023-08-02 21:29:08,29150.1,29151.05,29161.5,29162.0,29145.0,29145.5
2023-08-02 21:29:19,29149.79,29150.53,29161.5,29162.0,29145.0,29145.5
2023-08-02 21:29:30,29147.08,29147.62,29161.5,29162.0,29144.5,29145.0
2023-08-02 21:29:40,29145.83,29146.43,29161.5,29162.0,29142.5,29143.0
2023-08-02 21:29:51,29144.07,29145.58,29161.5,29162.0,29142.5,29143.0
2023-08-02 21:30:02,29145.37,29146.53,29161.5,29162.0,29142.5,29143.0
2023-08-02 21:30:13,29145.43,29146.27,29161.5,29162.0,29142.5,29143.0
2023-08-02 21:30:24,29149.01,29149.72,29161.5,29162.0,29142.5,29143.0
2023-08-02 21:30:34,29148.06,29148.83,29161.5,29162.0,29142.5,29143.0
2023-08-02 21:30:45,29147.94,29148.78,29161.5,29162.0,29142.5,29143.0
2023-08-02 21:30:56,29148.39,29149.29,29161.5,29162.0,29142.5,29143.0
2023-08-02 21:31:07,29148.87,29149.69,29161.5,29162.0,29142.5,29143.0
2023-08-02 21:31:17,29152.17,29153.34,29161.5,29162.0,29145.0,29145.5
2023-08-02 21:31:28,29151.05,29152.08,29161.5,29162.0,29145.0,29145.5
2023-08-02 21:31:39,29152.11,29153.36,29161.5,29162.0,29145.5,29146.0
2023-08-02 21:31:50,29151.91,29152.69,29161.5,29162.0,29145.5,29146.0
2023-08-02 21:32:01,29148.01,29148.64,29161.5,29162.0,29145.5,29146.0
2023-08-02 21:32:11,29148.82,29149.84,29161.5,29162.0,29144.0,29144.5
2023-08-02 21:32:22,29152.06,29152.73,29161.5,29162.0,29145.0,29145.5
2023-08-02 21:32:33,29152.18,29153.19,29161.5,29162.0,29145.5,29146.0
2023-08-02 21:32:44,29152.76,29154.61,29161.5,29162.0,29147.0,29147.5
2023-08-02 21:32:55,29151.47,29153.0,29161.5,29162.0,29148.0,29148.5
2023-08-02 21:33:05,29153.67,29154.49,29161.5,29162.0,29149.0,29149.5
2023-08-02 21:33:16,29153.89,29154.48,29161.5,29162.0,29149.0,29149.5
2023-08-02 21:33:27,29153.55,29153.77,29168.0,29168.5,29149.5,29150.0
2023-08-02 21:33:38,29152.96,29153.97,29168.0,29168.5,29151.0,29151.5
2023-08-02 21:33:49,29158.62,29160.03,29171.0,29171.5,29151.5,29152.0
2023-08-02 21:33:59,29157.9,29159.21,29174.0,29174.5,29153.0,29153.5
2023-08-02 21:34:10,29156.37,29157.21,29174.0,29174.5,29152.5,29153.0
2023-08-02 21:34:21,29159.3,29160.32,29174.0,29174.5,29152.5,29153.0
2023-08-02 21:34:32,29161.0,29161.79,29174.0,29174.5,29152.5,29153.0
2023-08-02 21:34:43,29158.82,29159.74,29174.0,29174.5,29153.5,29154.0
2023-08-02 21:34:54,29158.01,29158.68,29174.0,29174.5,29156.5,29157.0
2023-08-02 21:35:04,29157.0,29157.42,29174.0,29174.5,29156.5,29157.0
2023-08-02 21:35:15,29161.04,29161.64,29174.0,29174.5,29158.0,29158.5
2023-08-02 21:35:26,29159.06,29159.72,29174.0,29174.5,29159.0,29159.5
2023-08-02 21:35:37,29157.56,29158.45,29174.0,29174.5,29159.0,29159.5
2023-08-02 21:35:47,29157.67,29158.33,29174.0,29174.5,29159.0,29159.5
2023-08-02 21:35:58,29158.38,29159.3,29174.0,29174.5,29160.0,29160.5
2023-08-02 21:36:09,29162.32,29162.64,29174.0,29174.5,29162.0,29162.5
2023-08-02 21:36:20,29166.73,29167.5,29184.5,29185.0,29166.5,29167.0
2023-08-02 21:36:31,29160.06,29161.79,29180.0,29180.5,29162.5,29163.0
2023-08-02 21:36:41,29158.18,29159.04,29180.0,29180.5,29162.0,29162.5
2023-08-02 21:36:52,29156.32,29157.36,29180.0,29180.5,29161.0,29161.5
2023-08-02 21:37:03,29156.04,29156.9,29180.0,29180.5,29161.0,29161.5
2023-08-02 21:37:14,29156.89,29157.94,29180.0,29180.5,29161.0,29161.5
2023-08-02 21:37:24,29156.78,29157.58,29180.0,29180.5,29161.0,29161.5
2023-08-02 21:37:35,29155.62,29156.33,29177.0,29177.5,29161.0,29161.5
2023-08-02 21:37:46,29157.52,29158.63,29177.0,29177.5,29161.0,29161.5
2023-08-02 21:37:57,29156.59,29157.57,29177.0,29177.5,29160.0,29160.5
2023-08-02 21:38:08,29156.26,29156.97,29177.0,29177.5,29160.0,29160.5
2023-08-02 21:38:19,29157.36,29158.25,29177.0,29177.5,29160.5,29161.0
2023-08-02 21:38:29,29158.39,29158.95,29177.0,29177.5,29160.5,29161.0
2023-08-02 21:38:40,29159.87,29160.81,29177.0,29177.5,29160.5,29161.0
2023-08-02 21:38:51,29158.93,29159.87,29177.0,29177.5,29160.5,29161.0
2023-08-02 21:39:02,29159.02,29159.35,29177.0,29177.5,29160.5,29161.0
2023-08-02 21:39:12,29157.56,29158.2,29177.0,29177.5,29160.5,29161.0
2023-08-02 21:39:23,29156.32,29157.65,29177.0,29177.5,29160.0,29160.5
2023-08-02 21:39:34,29154.51,29155.09,29177.0,29177.5,29160.0,29160.5
2023-08-02 21:39:45,29153.73,29154.24,29177.0,29177.5,29160.0,29160.5
2023-08-02 21:39:56,29153.93,29154.76,29177.0,29177.5,29160.0,29160.5
2023-08-02 21:40:06,29154.05,29154.73,29177.0,29177.5,29160.0,29160.5
2023-08-02 21:40:17,29153.83,29154.26,29177.0,29177.5,29160.0,29160.5
2023-08-02 21:40:28,29153.82,29154.4,29177.0,29177.5,29160.0,29160.5
2023-08-02 21:40:39,29155.19,29155.76,29177.0,29177.5,29160.0,29160.5
2023-08-02 21:40:49,29153.85,29154.65,29177.0,29177.5,29160.0,29160.5
2023-08-02 21:41:00,29155.92,29156.96,29177.0,29177.5,29160.0,29160.5
2023-08-02 21:41:11,29158.37,29159.46,29177.0,29177.5,29161.0,29161.5
2023-08-02 21:41:22,29158.04,29158.5,29177.0,29177.5,29161.0,29161.5
2023-08-02 21:41:33,29159.72,29160.3,29177.0,29177.5,29161.5,29162.0
2023-08-02 21:41:43,29164.0,29164.7,29181.0,29181.5,29161.5,29162.0
2023-08-02 21:41:54,29162.47,29163.36,29181.0,29181.5,29161.5,29162.0
2023-08-02 21:42:05,29169.25,29170.42,29187.5,29188.0,29165.5,29166.0
2023-08-02 21:42:16,29170.38,29172.68,29187.5,29188.0,29172.0,29172.5
2023-08-02 21:42:26,29171.93,29172.78,29187.5,29188.0,29172.0,29172.5
2023-08-02 21:42:37,29172.03,29172.69,29187.5,29188.0,29174.5,29175.0
2023-08-02 21:42:48,29173.18,29174.03,29187.5,29188.0,29174.5,29175.0
2023-08-02 21:42:59,29170.04,29170.82,29187.5,29188.0,29174.0,29174.5
2023-08-02 21:43:10,29169.35,29170.07,29187.5,29188.0,29172.0,29172.5
2023-08-02 21:43:20,29170.44,29171.05,29187.5,29188.0,29172.0,29172.5
2023-08-02 21:43:31,29171.02,29171.78,29187.5,29188.0,29172.0,29172.5
2023-08-02 21:43:42,29174.1,29174.84,29187.5,29188.0,29172.0,29172.5
2023-08-02 21:43:53,29176.16,29176.75,29187.5,29188.0,29173.5,29174.0
2023-08-02 21:44:03,29171.08,29172.53,29187.5,29188.0,29173.5,29174.0
2023-08-02 21:44:14,29169.33,29169.94,29187.5,29188.0,29173.0,29173.5
2023-08-02 21:44:25,29168.76,29169.23,29187.5,29188.0,29173.0,29173.5
2023-08-02 21:44:36,29169.29,29170.08,29187.5,29188.0,29173.0,29173.5
2023-08-02 21:44:47,29170.76,29171.31,29187.5,29188.0,29173.0,29173.5
2023-08-02 21:44:58,29175.55,29176.32,29187.5,29188.0,29173.0,29173.5
2023-08-02 21:45:08,29169.56,29170.44,29187.5,29188.0,29173.0,29173.5
2023-08-02 21:45:19,29168.99,29169.27,29187.5,29188.0,29172.0,29172.5
2023-08-02 21:45:30,29166.38,29167.6,29187.5,29188.0,29172.0,29172.5
2023-08-02 21:45:41,29165.45,29165.93,29187.5,29188.0,29172.0,29172.5
2023-08-02 21:45:52,29164.36,29164.89,29187.5,29188.0,29172.0,29172.5
2023-08-02 21:46:03,29169.37,29169.98,29187.5,29188.0,29172.0,29172.5
2023-08-02 21:46:13,29170.0,29170.66,29187.5,29188.0,29172.0,29172.5
2023-08-02 21:46:24,29166.76,29168.2,29187.5,29188.0,29172.0,29172.5
2023-08-02 21:46:35,29168.59,29169.0,29187.5,29188.0,29172.0,29172.5
2023-08-02 21:46:46,29169.21,29170.07,29187.5,29188.0,29173.0,29173.5
2023-08-02 21:46:56,29170.1,29170.45,29187.5,29188.0,29173.0,29173.5
2023-08-02 21:47:07,29173.76,29174.46,29187.5,29188.0,29174.0,29174.5
2023-08-02 21:47:18,29174.96,29175.69,29187.5,29188.0,29175.5,29176.0
2023-08-02 21:47:29,29176.23,29177.11,29187.5,29188.0,29176.0,29176.5
2023-08-02 21:47:40,29176.51,29177.12,29187.5,29188.0,29177.5,29178.0
2023-08-02 21:47:50,29177.09,29177.68,29187.5,29188.0,29177.5,29178.0
2023-08-02 21:48:01,29177.87,29178.89,29187.5,29188.0,29178.0,29178.5
2023-08-02 21:48:12,29177.17,29177.8,29187.5,29188.0,29178.0,29178.5
2023-08-02 21:48:23,29179.3,29180.76,29193.0,29193.5,29178.5,29179.0
2023-08-02 21:48:34,29176.95,29177.28,29193.0,29193.5,29180.0,29180.5
2023-08-02 21:48:44,29175.71,29176.54,29193.0,29193.5,29180.0,29180.5
2023-08-02 21:48:55,29175.65,29176.51,29193.0,29193.5,29180.0,29180.5
2023-08-02 21:49:06,29178.37,29178.88,29193.0,29193.5,29180.0,29180.5
2023-08-02 21:49:17,29177.45,29177.87,29193.0,29193.5,29180.0,29180.5
2023-08-02 21:49:27,29178.13,29178.77,29193.0,29193.5,29180.0,29180.5
2023-08-02 21:49:38,29180.21,29181.31,29193.0,29193.5,29180.0,29180.5
2023-08-02 21:49:49,29186.18,29187.33,29199.5,29200.0,29183.5,29184.0
2023-08-02 21:50:00,29179.36,29180.49,29199.5,29200.0,29189.0,29189.5
2023-08-02 21:50:11,29184.92,29185.91,29199.5,29200.0,29189.0,29189.5
2023-08-02 21:50:21,29180.04,29180.87,29199.5,29200.0,29189.0,29189.5
2023-08-02 21:50:32,29179.17,29179.86,29199.5,29200.0,29186.5,29187.0
2023-08-02 21:50:43,29178.13,29179.16,29199.5,29200.0,29185.5,29186.0
2023-08-02 21:50:54,29178.99,29179.0,29199.5,29200.0,29185.5,29186.0
2023-08-02 21:51:05,29178.01,29178.71,29199.5,29200.0,29185.0,29185.5
2023-08-02 21:51:16,29177.68,29178.4,29199.5,29200.0,29184.5,29185.0
2023-08-02 21:51:26,29176.36,29177.39,29199.5,29200.0,29183.0,29183.5
2023-08-02 21:51:37,29175.41,29176.58,29199.5,29200.0,29181.0,29181.5
2023-08-02 21:51:48,29175.05,29175.36,29198.0,29198.5,29180.5,29181.0
2023-08-02 21:51:59,29174.01,29174.72,29198.0,29198.5,29180.5,29181.0
2023-08-02 21:52:10,29173.66,29173.95,29198.0,29198.5,29180.0,29180.5
2023-08-02 21:52:21,29173.37,29173.8,29198.0,29198.5,29179.0,29179.5
2023-08-02 21:52:31,29172.75,29173.61,29197.0,29197.5,29178.0,29178.5
2023-08-02 21:52:42,29171.78,29172.73,29197.0,29197.5,29178.0,29178.5
2023-08-02 21:52:53,29173.11,29173.57,29196.5,29197.0,29177.5,29178.0
2023-08-02 21:53:04,29172.99,29173.64,29196.5,29197.0,29177.5,29178.0
2023-08-02 21:53:15,29171.46,29172.46,29194.5,29195.0,29177.5,29178.0
2023-08-02 21:53:25,29171.01,29171.99,29194.5,29195.0,29177.5,29178.0
2023-08-02 21:53:36,29171.29,29171.93,29194.5,29195.0,29177.5,29178.0
2023-08-02 21:53:47,29171.35,29172.08,29194.5,29195.0,29177.5,29178.0
2023-08-02 21:53:58,29171.96,29172.35,29194.5,29195.0,29177.5,29178.0
2023-08-02 21:54:09,29172.13,29172.47,29194.5,29195.0,29177.5,29178.0
2023-08-02 21:54:19,29171.59,29172.79,29194.5,29195.0,29177.5,29178.0
2023-08-02 21:54:30,29171.88,29172.45,29194.5,29195.0,29177.5,29178.0
2023-08-02 21:54:41,29172.03,29172.37,29194.5,29195.0,29177.5,29178.0
2023-08-02 21:54:52,29171.58,29171.71,29194.5,29195.0,29177.5,29178.0
2023-08-02 21:55:03,29171.46,29171.87,29194.5,29195.0,29176.5,29177.0
2023-08-02 21:55:13,29168.73,29168.84,29193.0,29193.5,29172.0,29172.5
2023-08-02 21:55:24,29167.27,29168.08,29190.5,29191.0,29171.0,29171.5
2023-08-02 21:55:35,29165.03,29165.72,29190.5,29191.0,29169.5,29171.0
2023-08-02 21:55:46,29163.91,29164.38,29190.5,29191.0,29168.0,29168.5
2023-08-02 21:55:56,29163.97,29163.98,29190.5,29191.0,29167.5,29168.0
2023-08-02 21:56:07,29162.77,29163.24,29190.5,29191.0,29167.5,29168.0
2023-08-02 21:56:18,29163.06,29163.75,29190.5,29191.0,29167.5,29168.0
2023-08-02 21:56:29,29162.89,29163.52,29190.5,29191.0,29167.5,29168.0
2023-08-02 21:56:40,29164.94,29165.43,29190.5,29191.0,29168.0,29169.5
2023-08-02 21:56:50,29165.09,29165.94,29190.5,29191.0,29168.5,29169.0
2023-08-02 21:57:01,29164.16,29164.71,29190.5,29191.0,29169.5,29170.0
2023-08-02 21:57:12,29164.49,29165.18,29190.5,29191.0,29169.5,29170.0
2023-08-02 21:57:23,29163.16,29163.82,29189.5,29190.0,29169.0,29169.5
2023-08-02 21:57:34,29163.0,29163.52,29188.5,29189.0,29169.0,29169.5
2023-08-02 21:57:44,29161.94,29162.47,29188.5,29189.0,29168.0,29168.5
2023-08-02 21:57:55,29161.8,29162.48,29188.5,29189.0,29167.0,29167.5
2023-08-02 21:58:06,29161.75,29161.97,29188.5,29189.0,29167.0,29167.5
2023-08-02 21:58:17,29160.28,29160.99,29188.5,29189.0,29167.0,29167.5
2023-08-02 21:58:28,29161.13,29161.14,29188.5,29189.0,29166.5,29167.0
2023-08-02 21:58:38,29161.44,29162.48,29188.5,29189.0,29166.5,29167.0
2023-08-02 21:58:49,29161.33,29162.01,29188.5,29189.0,29166.5,29167.0
2023-08-02 21:59:00,29161.14,29161.94,29188.5,29189.0,29166.5,29167.0
2023-08-02 21:59:11,29160.59,29161.15,29188.5,29189.0,29166.5,29167.0
2023-08-02 21:59:22,29160.58,29161.17,29188.5,29189.0,29166.0,29166.5
2023-08-02 21:59:32,29161.0,29161.69,29188.5,29189.0,29166.0,29166.5
2023-08-02 21:59:43,29160.24,29161.58,29186.0,29186.5,29166.0,29166.5
2023-08-02 21:59:54,29160.94,29161.55,29186.0,29186.5,29166.0,29166.5
2023-08-02 22:00:05,29161.01,29161.47,29185.5,29186.0,29166.5,29167.0
2023-08-02 22:00:16,29158.83,29159.72,29185.5,29186.0,29166.5,29167.0
2023-08-02 22:00:26,29159.03,29159.4,29185.5,29186.0,29166.5,29167.0
2023-08-02 22:00:37,29158.32,29159.0,29185.5,29186.0,29164.5,29165.0
2023-08-02 22:00:48,29160.74,29161.7,29185.5,29186.0,29164.5,29165.0
2023-08-02 22:00:59,29157.79,29158.87,29185.5,29186.0,29164.5,29165.0
2023-08-02 22:01:09,29159.8,29159.88,29185.5,29186.0,29163.0,29163.5
2023-08-02 22:01:20,29157.51,29158.13,29185.5,29186.0,29162.5,29163.0
2023-08-02 22:01:31,29156.8,29157.79,29185.5,29186.0,29162.0,29162.5
2023-08-02 22:01:42,29158.1,29158.96,29185.5,29186.0,29162.0,29162.5
2023-08-02 22:01:53,29158.4,29158.94,29185.5,29186.0,29162.5,29163.0
2023-08-02 22:02:03,29156.9,29157.48,29185.5,29186.0,29162.0,29162.5
2023-08-02 22:02:14,29156.67,29157.34,29175.5,29176.0,29161.0,29161.5
2023-08-02 22:02:25,29159.06,29159.78,29185.5,29186.0,29162.5,29163.0
2023-08-02 22:02:36,29160.74,29161.31,29185.5,29186.0,29163.5,29164.0
2023-08-02 22:02:47,29162.39,29162.7,29185.5,29186.0,29163.5,29164.0
2023-08-02 22:02:57,29160.08,29161.05,29185.5,29186.0,29163.5,29164.0
2023-08-02 22:03:08,29164.73,29165.5,29185.5,29186.0,29164.5,29165.0
2023-08-02 22:03:19,29161.3,29162.25,29185.5,29186.0,29166.5,29167.0
2023-08-02 22:03:30,29162.03,29163.22,29185.5,29186.0,29166.5,29167.0
2023-08-02 22:03:41,29162.2,29162.96,29185.5,29186.0,29165.5,29166.0
2023-08-02 22:03:52,29160.86,29161.37,29185.5,29186.0,29162.5,29163.0
2023-08-02 22:04:03,29159.84,29160.16,29185.5,29186.0,29162.5,29163.0
2023-08-02 22:04:13,29160.25,29160.47,29181.5,29182.0,29161.0,29161.5
2023-08-02 22:04:24,29160.8,29161.07,29181.5,29182.0,29161.0,29161.5
2023-08-02 22:04:35,29162.63,29162.68,29181.5,29182.0,29162.0,29162.5
2023-08-02 22:04:46,29162.98,29163.76,29184.5,29185.0,29163.5,29164.0
2023-08-02 22:04:57,29164.0,29164.37,29184.5,29185.0,29163.5,29164.0
2023-08-02 22:05:07,29163.65,29164.26,29184.5,29185.0,29163.5,29164.0
2023-08-02 22:05:18,29163.45,29164.24,29186.0,29186.5,29164.5,29165.0
2023-08-02 22:05:29,29165.0,29165.92,29186.0,29186.5,29163.5,29164.0
2023-08-02 22:05:40,29167.15,29167.69,29186.0,29186.5,29165.0,29165.5
2023-08-02 22:05:50,29167.89,29168.39,29186.0,29186.5,29165.0,29165.5
2023-08-02 22:06:01,29163.66,29164.79,29186.0,29186.5,29165.0,29165.5
2023-08-02 22:06:12,29164.12,29164.73,29186.0,29186.5,29165.0,29165.5
2023-08-02 22:06:23,29172.08,29172.88,29187.5,29188.0,29167.5,29168.0
2023-08-02 22:06:34,29167.53,29168.44,29187.5,29188.0,29170.5,29171.0
2023-08-02 22:06:45,29172.41,29172.87,29187.5,29188.0,29170.5,29171.0
2023-08-02 22:06:55,29175.31,29176.07,29193.0,29193.5,29170.5,29171.0
2023-08-02 22:07:06,29170.87,29171.78,29193.0,29193.5,29173.0,29173.5
2023-08-02 22:07:17,29173.89,29174.72,29193.0,29193.5,29173.0,29173.5
2023-08-02 22:07:28,29175.33,29176.26,29193.0,29193.5,29174.0,29174.5
2023-08-02 22:07:39,29174.64,29174.88,29193.0,29193.5,29174.0,29174.5
2023-08-02 22:07:49,29174.79,29175.54,29193.0,29193.5,29174.0,29174.5
2023-08-02 22:08:00,29172.18,29172.75,29193.0,29193.5,29174.0,29174.5
2023-08-02 22:08:11,29176.97,29177.84,29193.0,29193.5,29174.0,29174.5
2023-08-02 22:08:22,29178.81,29179.85,29193.0,29193.5,29175.0,29175.5
2023-08-02 22:08:33,29174.39,29175.7,29193.0,29193.5,29175.5,29176.0
2023-08-02 22:08:43,29173.01,29173.64,29193.0,29193.5,29175.5,29176.0
2023-08-02 22:08:54,29174.26,29174.75,29193.0,29193.5,29175.0,29175.5
2023-08-02 22:09:05,29172.03,29172.76,29193.0,29193.5,29175.0,29175.5
2023-08-02 22:09:16,29173.12,29173.48,29193.0,29193.5,29175.0,29175.5
2023-08-02 22:09:27,29199.79,29202.01,29224.5,29225.0,29176.5,29178.0
2023-08-02 22:09:37,29186.84,29189.97,29207.0,29207.5,29191.5,29192.0
2023-08-02 22:09:48,29187.14,29187.63,29207.0,29207.5,29189.5,29190.0
2023-08-02 22:09:59,29189.54,29189.95,29207.0,29207.5,29189.5,29190.0
2023-08-02 22:10:10,29190.33,29191.19,29207.0,29207.5,29190.0,29190.5
2023-08-02 22:10:21,29187.34,29188.04,29207.0,29207.5,29190.0,29190.5
2023-08-02 22:10:31,29199.0,29200.86,29212.0,29212.5,29197.0,29197.5
2023-08-02 22:10:42,29199.16,29199.57,29212.0,29212.5,29197.0,29197.5
2023-08-02 22:10:53,29197.0,29198.2,29212.0,29212.5,29198.0,29198.5
2023-08-02 22:11:04,29195.19,29196.4,29217.0,29217.5,29199.5,29200.0
2023-08-02 22:11:15,29194.97,29195.87,29217.0,29217.5,29199.5,29200.0
2023-08-02 22:11:25,29194.5,29195.09,29217.0,29217.5,29199.5,29200.0
2023-08-02 22:11:36,29192.68,29193.99,29217.0,29217.5,29199.5,29200.0
2023-08-02 22:11:47,29198.39,29198.97,29217.0,29217.5,29199.5,29200.0
2023-08-02 22:11:58,29194.8,29195.43,29217.0,29217.5,29199.5,29200.0
2023-08-02 22:12:09,29194.38,29195.28,29217.0,29217.5,29199.5,29200.0
2023-08-02 22:12:19,29196.52,29197.71,29217.0,29217.5,29199.5,29200.0
2023-08-02 22:12:30,29208.31,29210.51,29224.5,29225.0,29205.5,29206.0
2023-08-02 22:12:41,29204.44,29205.12,29224.5,29225.0,29207.5,29208.0
2023-08-02 22:12:52,29202.85,29203.52,29224.5,29225.0,29207.5,29208.0
2023-08-02 22:13:02,29203.31,29204.2,29224.5,29225.0,29207.5,29208.0
2023-08-02 22:13:13,29193.87,29194.74,29216.0,29216.5,29199.5,29200.0
2023-08-02 22:13:24,29194.04,29195.15,29216.0,29216.5,29199.5,29200.0
2023-08-02 22:13:35,29194.49,29195.15,29216.0,29216.5,29199.5,29200.0
2023-08-02 22:13:45,29196.48,29197.89,29216.0,29216.5,29199.5,29200.0
2023-08-02 22:13:56,29196.81,29198.29,29216.0,29216.5,29199.5,29200.0
2023-08-02 22:14:07,29203.02,29203.81,29224.5,29225.0,29204.5,29205.0
2023-08-02 22:14:18,29201.85,29202.57,29224.5,29225.0,29204.5,29205.0
2023-08-02 22:14:29,29203.28,29204.22,29224.5,29225.0,29204.5,29205.0
2023-08-02 22:14:39,29204.15,29204.51,29224.5,29225.0,29204.5,29205.0
2023-08-02 22:14:50,29199.99,29200.71,29224.5,29225.0,29204.5,29205.0
2023-08-02 22:15:01,29197.71,29198.0,29221.0,29221.5,29204.5,29205.0
2023-08-02 22:15:12,29198.38,29198.93,29221.0,29221.5,29201.0,29201.5
2023-08-02 22:15:23,29198.93,29199.42,29221.0,29221.5,29202.0,29202.5
2023-08-02 22:15:34,29194.61,29195.5,29221.0,29221.5,29201.0,29201.5
2023-08-02 22:15:44,29195.17,29196.1,29221.0,29221.5,29199.5,29200.0
2023-08-02 22:15:55,29196.31,29196.72,29221.0,29221.5,29199.5,29200.0
2023-08-02 22:16:06,29199.42,29200.4,29221.0,29221.5,29199.5,29200.0
2023-08-02 22:16:17,29197.52,29198.28,29221.0,29221.5,29199.5,29200.0
2023-08-02 22:16:28,29195.0,29195.73,29221.0,29221.5,29199.5,29200.0
2023-08-02 22:16:38,29194.01,29194.76,29221.0,29221.5,29199.5,29200.0
2023-08-02 22:16:49,29194.18,29194.27,29221.0,29221.5,29199.5,29200.0
2023-08-02 22:17:00,29189.45,29190.24,29217.0,29217.5,29199.5,29200.0
2023-08-02 22:17:10,29185.03,29185.99,29212.5,29213.0,29195.0,29195.5
2023-08-02 22:17:21,29184.36,29185.39,29212.5,29213.0,29190.5,29191.0
2023-08-02 22:17:32,29193.21,29194.05,29210.0,29210.5,29191.0,29191.5
2023-08-02 22:17:43,29191.04,29191.65,29210.0,29210.5,29191.0,29191.5
2023-08-02 22:17:54,29190.28,29191.37,29210.0,29210.5,29191.0,29191.5
2023-08-02 22:18:04,29189.59,29190.47,29210.0,29210.5,29191.5,29192.0
2023-08-02 22:18:15,29190.72,29191.39,29210.0,29210.5,29191.5,29192.0
2023-08-02 22:18:26,29192.18,29192.92,29210.0,29210.5,29191.5,29192.0
2023-08-02 22:18:37,29196.73,29197.53,29215.5,29216.0,29195.0,29195.5
2023-08-02 22:18:47,29193.89,29194.95,29215.5,29216.0,29194.5,29195.0
2023-08-02 22:18:58,29210.15,29212.0,29231.5,29232.0,29208.5,29209.0
2023-08-02 22:19:09,29201.65,29202.99,29225.5,29226.0,29205.5,29206.0
2023-08-02 22:19:20,29197.0,29198.21,29220.5,29221.0,29205.5,29206.0
2023-08-02 22:19:31,29193.81,29194.63,29217.5,29218.0,29197.5,29198.0
2023-08-02 22:19:42,29195.92,29196.6,29217.5,29218.0,29197.5,29198.0
2023-08-02 22:19:52,29195.82,29196.48,29217.5,29218.0,29197.5,29198.0
2023-08-02 22:20:03,29194.47,29195.29,29217.5,29218.0,29197.5,29198.0
2023-08-02 22:20:14,29196.2,29197.2,29217.5,29218.0,29197.5,29198.0
2023-08-02 22:20:25,29196.21,29197.19,29217.5,29218.0,29197.5,29198.0
2023-08-02 22:20:36,29200.46,29200.49,29217.5,29218.0,29199.5,29200.0
2023-08-02 22:20:47,29199.27,29200.66,29217.5,29218.0,29199.5,29200.0
2023-08-02 22:20:57,29203.08,29204.15,29218.5,29219.0,29200.5,29201.0
2023-08-02 22:21:08,29201.34,29201.98,29218.5,29219.0,29203.0,29203.5
2023-08-02 22:21:19,29200.01,29201.03,29218.5,29219.0,29203.0,29203.5
2023-08-02 22:21:30,29199.62,29200.68,29218.5,29219.0,29203.0,29203.5
2023-08-02 22:21:41,29198.41,29199.35,29218.5,29219.0,29203.0,29203.5
2023-08-02 22:21:52,29199.11,29199.42,29218.5,29219.0,29203.0,29203.5
2023-08-02 22:22:03,29199.62,29199.96,29218.5,29219.0,29203.0,29203.5
2023-08-02 22:22:13,29200.01,29200.9,29218.5,29219.0,29202.0,29202.5
2023-08-02 22:22:24,29201.33,29201.9,29218.5,29219.0,29202.0,29202.5
2023-08-02 22:22:35,29204.49,29205.33,29218.5,29219.0,29203.0,29203.5
2023-08-02 22:22:46,29203.16,29203.97,29218.5,29219.0,29203.0,29203.5
2023-08-02 22:22:57,29204.45,29204.91,29218.5,29219.0,29203.0,29203.5
2023-08-02 22:23:07,29204.79,29205.52,29218.5,29219.0,29203.0,29203.5
2023-08-02 22:23:18,29205.23,29206.66,29227.5,29228.0,29211.5,29212.0
2023-08-02 22:23:29,29205.43,29206.45,29225.5,29226.0,29211.0,29211.5
2023-08-02 22:23:40,29203.61,29204.08,29225.5,29226.0,29211.0,29211.5
2023-08-02 22:23:51,29203.06,29203.97,29225.5,29226.0,29211.0,29211.5
2023-08-02 22:24:01,29202.18,29203.05,29225.5,29226.0,29211.0,29211.5
2023-08-02 22:24:12,29204.61,29205.59,29225.5,29226.0,29211.0,29211.5
2023-08-02 22:24:23,29207.54,29208.2,29225.5,29226.0,29211.0,29211.5
2023-08-02 22:24:34,29208.47,29208.94,29225.5,29226.0,29212.0,29212.5
2023-08-02 22:24:44,29205.01,29205.73,29225.5,29226.0,29211.0,29211.5
2023-08-02 22:24:55,29206.47,29207.0,29225.5,29226.0,29211.0,29211.5
2023-08-02 22:25:06,29207.51,29208.33,29225.5,29226.0,29211.0,29211.5
2023-08-02 22:25:17,29210.11,29211.17,29225.5,29226.0,29211.5,29212.0
2023-08-02 22:25:28,29209.17,29210.04,29225.5,29226.0,29212.0,29212.5
2023-08-02 22:25:38,29203.77,29204.67,29225.5,29226.0,29212.0,29212.5
2023-08-02 22:25:49,29204.0,29204.97,29225.5,29226.0,29212.0,29212.5
2023-08-02 22:26:00,29203.77,29204.74,29225.5,29226.0,29212.0,29212.5
2023-08-02 22:26:11,29206.04,29207.13,29225.5,29226.0,29212.0,29212.5
2023-08-02 22:26:22,29208.17,29209.25,29225.5,29226.0,29212.0,29212.5
2023-08-02 22:26:32,29208.74,29209.73,29225.5,29226.0,29212.0,29212.5
2023-08-02 22:26:43,29208.64,29209.5,29225.5,29226.0,29212.0,29212.5
2023-08-02 22:26:54,29208.06,29208.89,29225.5,29226.0,29212.0,29212.5
2023-08-02 22:27:05,29209.5,29210.01,29225.5,29226.0,29212.0,29212.5
2023-08-02 22:27:16,29208.4,29209.04,29225.5,29226.0,29212.0,29212.5
2023-08-02 22:27:26,29207.19,29208.08,29225.5,29226.0,29212.0,29212.5
2023-08-02 22:27:37,29209.18,29209.76,29225.5,29226.0,29212.0,29212.5
2023-08-02 22:27:48,29207.96,29208.6,29225.5,29226.0,29212.0,29212.5
2023-08-02 22:27:59,29204.66,29205.12,29225.5,29226.0,29212.0,29212.5
2023-08-02 22:28:10,29209.14,29209.87,29225.5,29226.0,29212.0,29212.5
2023-08-02 22:28:21,29207.15,29207.74,29225.5,29226.0,29211.0,29211.5
2023-08-02 22:28:31,29207.01,29207.67,29225.5,29226.0,29211.0,29211.5
2023-08-02 22:28:42,29206.6,29207.17,29225.5,29226.0,29210.0,29210.5
2023-08-02 22:28:53,29205.6,29205.87,29225.5,29226.0,29210.0,29210.5
2023-08-02 22:29:04,29204.7,29205.49,29225.5,29226.0,29210.0,29210.5
2023-08-02 22:29:14,29203.92,29204.98,29225.5,29226.0,29210.0,29210.5
2023-08-02 22:29:25,29205.84,29206.44,29225.5,29226.0,29210.0,29210.5
2023-08-02 22:29:36,29205.04,29205.6,29225.5,29226.0,29210.0,29211.0
2023-08-02 22:29:47,29205.75,29206.32,29225.5,29226.0,29210.5,29211.0
2023-08-02 22:29:58,29205.94,29206.15,29225.5,29226.0,29210.5,29211.0
2023-08-02 22:30:09,29205.69,29206.16,29225.5,29226.0,29210.0,29211.0
2023-08-02 22:30:19,29203.93,29204.44,29225.5,29226.0,29210.0,29210.5
2023-08-02 22:30:30,29194.06,29195.48,29216.5,29217.0,29199.5,29200.0
2023-08-02 22:30:41,29201.3,29201.96,29219.0,29219.5,29202.5,29203.0
2023-08-02 22:30:52,29200.59,29201.25,29219.0,29219.5,29202.5,29203.0
2023-08-02 22:31:02,29198.59,29199.58,29219.0,29219.5,29202.5,29203.0
2023-08-02 22:31:13,29197.24,29197.85,29219.0,29219.5,29202.5,29203.0
2023-08-02 22:31:24,29195.72,29196.51,29219.0,29219.5,29201.5,29202.0
2023-08-02 22:31:35,29196.57,29196.99,29217.5,29218.0,29200.5,29201.0
2023-08-02 22:31:46,29194.71,29195.27,29217.5,29218.0,29200.5,29201.0
2023-08-02 22:31:56,29195.67,29196.4,29217.5,29218.0,29200.5,29201.0
2023-08-02 22:32:07,29195.62,29196.3,29217.5,29218.0,29201.0,29201.5
2023-08-02 22:32:18,29194.17,29194.77,29217.5,29218.0,29200.5,29201.0
2023-08-02 22:32:29,29187.37,29188.17,29208.5,29209.0,29195.0,29195.5
2023-08-02 22:32:40,29185.2,29186.04,29208.5,29209.0,29193.0,29193.5
2023-08-02 22:32:50,29183.7,29184.83,29207.5,29208.0,29191.0,29191.5
2023-08-02 22:33:01,29179.28,29180.1,29202.0,29202.5,29184.5,29185.5
2023-08-02 22:33:12,29187.54,29188.0,29202.0,29202.5,29185.0,29185.5
2023-08-02 22:33:23,29185.96,29186.59,29202.0,29202.5,29187.5,29188.0
2023-08-02 22:33:34,29187.22,29187.95,29203.5,29204.0,29187.5,29188.0
2023-08-02 22:33:44,29187.43,29188.53,29204.0,29204.5,29187.5,29188.0
2023-08-02 22:33:55,29187.61,29188.36,29204.0,29204.5,29187.5,29188.0
2023-08-02 22:34:06,29186.71,29187.5,29204.0,29204.5,29188.0,29188.5
2023-08-02 22:34:17,29186.76,29187.01,29204.0,29204.5,29188.0,29188.5
2023-08-02 22:34:27,29189.93,29191.01,29207.0,29207.5,29192.5,29193.0
2023-08-02 22:34:38,29190.43,29190.96,29207.0,29207.5,29192.5,29193.0
2023-08-02 22:34:49,29186.02,29186.77,29207.0,29207.5,29192.5,29193.0
2023-08-02 22:35:00,29186.15,29186.9,29207.0,29207.5,29192.5,29193.0
2023-08-02 22:35:11,29182.39,29183.22,29204.0,29204.5,29192.5,29193.0
2023-08-02 22:35:21,29186.36,29186.86,29202.0,29202.5,29190.5,29191.0
2023-08-02 22:35:32,29180.1,29180.39,29202.0,29202.5,29188.0,29188.5
2023-08-02 22:35:43,29180.4,29181.08,29202.0,29202.5,29186.5,29187.0
2023-08-02 22:35:54,29179.37,29180.34,29202.0,29202.5,29186.5,29187.0
2023-08-02 22:36:04,29179.21,29179.93,29202.0,29202.5,29185.5,29186.0
2023-08-02 22:36:15,29181.63,29182.19,29202.0,29202.5,29184.5,29185.0
2023-08-02 22:36:26,29183.03,29183.58,29202.0,29202.5,29186.5,29187.0
2023-08-02 22:36:37,29183.36,29183.84,29202.0,29202.5,29186.5,29187.0
2023-08-02 22:36:48,29179.74,29180.57,29202.0,29202.5,29186.5,29187.0
2023-08-02 22:36:59,29178.28,29179.35,29202.0,29202.5,29186.5,29187.0
2023-08-02 22:37:09,29179.86,29180.75,29202.0,29202.5,29186.5,29187.0
2023-08-02 22:37:20,29180.74,29181.63,29202.0,29202.5,29186.5,29187.0
2023-08-02 22:37:31,29179.97,29180.85,29202.0,29202.5,29186.5,29187.0
2023-08-02 22:37:42,29178.79,29179.49,29202.0,29202.5,29186.0,29186.5
2023-08-02 22:37:53,29182.38,29183.0,29202.0,29202.5,29186.0,29186.5
2023-08-02 22:38:03,29183.93,29184.52,29202.0,29202.5,29186.5,29187.0
2023-08-02 22:38:14,29185.0,29185.99,29202.0,29202.5,29186.5,29187.0
2023-08-02 22:38:25,29185.82,29186.13,29202.0,29202.5,29186.5,29187.0
2023-08-02 22:38:36,29183.81,29184.79,29202.0,29202.5,29186.5,29187.0
2023-08-02 22:38:47,29183.33,29183.97,29202.0,29202.5,29186.5,29187.0
2023-08-02 22:38:58,29184.81,29185.22,29202.0,29202.5,29186.5,29187.0
2023-08-02 22:39:08,29184.51,29184.99,29202.0,29202.5,29186.5,29187.0
2023-08-02 22:39:19,29176.01,29176.81,29200.5,29201.0,29186.5,29187.0
2023-08-02 22:39:30,29178.24,29179.0,29200.5,29201.0,29184.5,29185.0
2023-08-02 22:39:41,29177.83,29178.68,29200.5,29201.0,29183.0,29183.5
2023-08-02 22:39:52,29178.36,29179.1,29200.5,29201.0,29183.0,29183.5
2023-08-02 22:40:02,29179.76,29180.74,29200.5,29201.0,29183.0,29183.5
2023-08-02 22:40:13,29181.54,29182.15,29200.5,29201.0,29183.0,29183.5
2023-08-02 22:40:24,29183.0,29183.4,29200.5,29201.0,29184.5,29185.0
2023-08-02 22:40:35,29182.42,29183.31,29200.5,29201.0,29185.0,29185.5
2023-08-02 22:40:46,29182.89,29183.16,29200.5,29201.0,29185.0,29185.5
2023-08-02 22:40:56,29184.46,29185.47,29200.5,29201.0,29185.0,29185.5
2023-08-02 22:41:07,29182.39,29182.54,29204.0,29204.5,29185.0,29185.5
2023-08-02 22:41:18,29182.55,29183.24,29204.0,29204.5,29185.0,29185.5
2023-08-02 22:41:29,29183.9,29184.74,29204.0,29204.5,29185.0,29185.5
2023-08-02 22:41:40,29183.38,29183.86,29204.0,29204.5,29186.0,29186.5
2023-08-02 22:41:50,29182.55,29183.23,29204.0,29204.5,29187.0,29187.5
2023-08-02 22:42:01,29183.56,29184.27,29204.0,29204.5,29187.0,29187.5
2023-08-02 22:42:12,29185.0,29185.38,29204.0,29204.5,29187.0,29187.5
2023-08-02 22:42:23,29187.04,29187.84,29204.0,29204.5,29187.0,29187.5
2023-08-02 22:42:33,29190.57,29191.23,29204.0,29204.5,29189.5,29190.0
2023-08-02 22:42:44,29187.93,29188.94,29204.0,29204.5,29189.5,29190.0
2023-08-02 22:42:55,29185.3,29186.28,29204.0,29204.5,29189.0,29189.5
2023-08-02 22:43:06,29186.48,29187.39,29204.0,29204.5,29189.0,29189.5
2023-08-02 22:43:16,29186.29,29186.78,29204.0,29204.5,29189.0,29189.5
2023-08-02 22:43:27,29187.22,29188.03,29204.0,29204.5,29189.0,29189.5
2023-08-02 22:43:38,29187.39,29188.1,29204.0,29204.5,29189.0,29189.5
2023-08-02 22:43:49,29187.88,29188.64,29204.0,29204.5,29189.0,29189.5
2023-08-02 22:43:59,29187.25,29187.92,29204.0,29204.5,29188.0,29188.5
2023-08-02 22:44:10,29187.62,29188.08,29204.0,29204.5,29188.0,29188.5
2023-08-02 22:44:21,29186.44,29187.34,29204.0,29204.5,29188.0,29188.5
2023-08-02 22:44:32,29188.53,29189.62,29204.0,29204.5,29188.0,29188.5
2023-08-02 22:44:43,29187.95,29187.99,29204.0,29204.5,29188.0,29188.5
2023-08-02 22:44:54,29186.91,29187.28,29204.0,29204.5,29188.0,29188.5
2023-08-02 22:45:04,29185.47,29186.37,29204.0,29204.5,29188.0,29188.5
2023-08-02 22:45:15,29182.23,29182.94,29201.5,29202.0,29188.0,29188.5
2023-08-02 22:45:26,29182.45,29183.35,29201.5,29202.0,29188.0,29188.5
2023-08-02 22:45:37,29180.48,29181.42,29201.5,29202.0,29184.0,29184.5
2023-08-02 22:45:47,29177.22,29177.69,29201.5,29202.0,29182.0,29182.5
2023-08-02 22:45:58,29174.33,29175.25,29199.0,29199.5,29180.0,29180.5
2023-08-02 22:46:09,29173.86,29174.98,29199.0,29199.5,29179.5,29180.0
2023-08-02 22:46:20,29169.14,29169.87,29192.5,29193.0,29175.0,29175.5
2023-08-02 22:46:31,29163.32,29164.66,29185.5,29186.0,29170.0,29170.5
2023-08-02 22:46:41,29165.0,29165.29,29185.5,29186.0,29170.0,29170.5
2023-08-02 22:46:52,29160.3,29161.36,29185.5,29186.0,29167.5,29168.0
2023-08-02 22:47:03,29162.0,29162.5,29185.5,29186.0,29166.0,29166.5
2023-08-02 22:47:14,29161.12,29162.51,29182.5,29183.0,29165.0,29165.5
2023-08-02 22:47:25,29168.4,29169.41,29182.5,29183.0,29168.5,29169.0
2023-08-02 22:47:35,29167.23,29167.61,29188.0,29188.5,29171.0,29171.5
2023-08-02 22:47:46,29167.36,29168.18,29188.0,29188.5,29171.0,29171.5
2023-08-02 22:47:57,29168.34,29168.73,29188.0,29188.5,29171.0,29171.5
2023-08-02 22:48:08,29171.27,29171.99,29188.0,29188.5,29171.0,29171.5
2023-08-02 22:48:19,29170.32,29170.89,29188.0,29188.5,29171.0,29171.5
2023-08-02 22:48:29,29170.56,29171.19,29188.0,29188.5,29171.0,29171.5
2023-08-02 22:48:40,29170.87,29171.35,29188.0,29188.5,29171.0,29171.5
2023-08-02 22:48:51,29170.65,29171.0,29188.0,29188.5,29171.0,29171.5
2023-08-02 22:49:02,29170.18,29170.81,29188.0,29188.5,29171.0,29171.5
2023-08-02 22:49:13,29171.06,29171.65,29188.0,29188.5,29171.0,29171.5
2023-08-02 22:49:24,29169.61,29170.61,29188.0,29188.5,29171.0,29171.5
2023-08-02 22:49:34,29170.3,29170.99,29188.0,29188.5,29170.5,29171.0
2023-08-02 22:49:45,29165.18,29165.85,29188.0,29188.5,29169.5,29170.0
2023-08-02 22:49:56,29166.16,29167.07,29188.0,29188.5,29169.5,29170.0
2023-08-02 22:50:07,29167.49,29167.89,29188.0,29188.5,29169.5,29170.0
2023-08-02 22:50:18,29167.64,29167.93,29188.0,29188.5,29169.5,29170.0
2023-08-02 22:50:29,29168.61,29168.99,29188.0,29188.5,29169.5,29170.0
2023-08-02 22:50:39,29168.09,29168.68,29188.0,29188.5,29169.5,29170.0
2023-08-02 22:50:50,29167.47,29168.01,29188.0,29188.5,29169.5,29170.0
2023-08-02 22:51:01,29166.82,29167.25,29188.0,29188.5,29169.5,29170.0
2023-08-02 22:51:12,29160.48,29161.59,29185.0,29185.5,29166.0,29166.5
2023-08-02 22:51:23,29159.86,29160.44,29185.0,29185.5,29164.5,29165.0
2023-08-02 22:51:34,29159.16,29159.94,29185.0,29185.5,29164.5,29165.0
2023-08-02 22:51:44,29159.33,29159.96,29185.0,29185.5,29164.0,29164.5
2023-08-02 22:51:55,29161.94,29162.52,29185.0,29185.5,29163.5,29164.0
2023-08-02 22:52:06,29161.83,29162.63,29185.0,29185.5,29164.0,29164.5
2023-08-02 22:52:17,29160.93,29161.48,29185.0,29185.5,29164.0,29164.5
2023-08-02 22:52:28,29161.31,29162.12,29183.5,29184.0,29164.5,29165.0
2023-08-02 22:52:38,29161.42,29161.72,29183.5,29184.0,29164.5,29165.0
2023-08-02 22:52:49,29162.46,29162.49,29183.5,29184.0,29163.5,29164.0
2023-08-02 22:53:00,29163.3,29163.38,29183.5,29184.0,29164.5,29165.0
2023-08-02 22:53:11,29162.02,29162.62,29183.5,29184.0,29164.5,29165.0
2023-08-02 22:53:22,29165.43,29166.07,29183.5,29184.0,29164.5,29165.0
2023-08-02 22:53:32,29165.19,29165.94,29183.5,29184.0,29164.5,29165.0
2023-08-02 22:53:43,29164.01,29164.52,29183.5,29184.0,29164.5,29165.0
2023-08-02 22:53:54,29164.31,29164.93,29183.5,29184.0,29164.5,29165.0
2023-08-02 22:54:05,29168.31,29169.42,29191.5,29192.0,29170.5,29171.0
2023-08-02 22:54:16,29168.01,29168.98,29187.5,29188.0,29170.0,29170.5
2023-08-02 22:54:26,29169.52,29170.79,29188.5,29189.0,29170.0,29170.5
2023-08-02 22:54:37,29168.34,29168.58,29188.5,29189.0,29170.0,29170.5
2023-08-02 22:54:48,29168.49,29169.57,29188.5,29189.0,29170.0,29170.5
2023-08-02 22:54:59,29169.23,29169.6,29188.5,29189.0,29170.0,29170.5
2023-08-02 22:55:10,29161.44,29162.68,29185.5,29186.0,29166.0,29166.5
2023-08-02 22:55:20,29158.56,29160.0,29182.0,29182.5,29165.0,29165.5
2023-08-02 22:55:31,29161.84,29162.75,29182.0,29182.5,29165.0,29165.5
2023-08-02 22:55:42,29167.28,29168.0,29187.0,29187.5,29166.0,29166.5
2023-08-02 22:55:53,29164.48,29165.24,29187.0,29187.5,29166.0,29166.5
2023-08-02 22:56:03,29167.38,29168.1,29187.0,29187.5,29166.5,29167.0
2023-08-02 22:56:14,29167.35,29167.71,29187.0,29187.5,29167.0,29167.5
2023-08-02 22:56:25,29167.86,29168.55,29187.0,29187.5,29167.5,29168.0
2023-08-02 22:56:36,29168.34,29168.37,29187.0,29187.5,29167.5,29168.0
2023-08-02 22:56:47,29169.23,29170.38,29187.0,29187.5,29167.5,29168.0
2023-08-02 22:56:57,29169.3,29169.99,29187.0,29187.5,29167.5,29168.0
2023-08-02 22:57:08,29170.54,29171.15,29187.0,29187.5,29167.5,29168.0
2023-08-02 22:57:19,29169.31,29169.93,29187.0,29187.5,29168.0,29168.5
2023-08-02 22:57:30,29168.38,29169.17,29187.0,29187.5,29168.0,29168.5
2023-08-02 22:57:41,29172.7,29173.78,29187.0,29187.5,29169.5,29170.0
2023-08-02 22:57:51,29172.09,29172.84,29187.0,29187.5,29169.5,29170.0
2023-08-02 22:58:02,29170.4,29171.03,29187.0,29187.5,29169.5,29170.0
2023-08-02 22:58:13,29170.67,29171.28,29187.0,29187.5,29169.5,29170.0
2023-08-02 22:58:24,29163.79,29165.02,29187.0,29187.5,29168.0,29168.5
2023-08-02 22:58:35,29165.6,29166.29,29187.0,29187.5,29167.5,29168.0
2023-08-02 22:58:45,29165.47,29165.95,29187.0,29187.5,29167.5,29168.0
2023-08-02 22:58:56,29166.65,29167.02,29187.0,29187.5,29167.5,29168.0
2023-08-02 22:59:07,29164.35,29165.31,29187.0,29187.5,29167.5,29168.0
2023-08-02 22:59:18,29164.43,29165.29,29187.0,29187.5,29167.5,29168.0
2023-08-02 22:59:29,29166.49,29167.19,29186.0,29186.5,29167.5,29168.0
2023-08-02 22:59:40,29165.64,29166.47,29186.0,29186.5,29167.0,29167.5
2023-08-02 22:59:50,29166.23,29166.9,29186.0,29186.5,29167.0,29167.5
2023-08-02 23:00:01,29169.15,29169.98,29186.0,29186.5,29167.0,29167.5
2023-08-02 23:00:12,29168.55,29168.93,29186.0,29186.5,29167.0,29167.5
2023-08-02 23:00:23,29164.45,29165.37,29186.0,29186.5,29165.0,29165.5
2023-08-02 23:00:34,29163.81,29164.35,29186.0,29186.5,29165.0,29165.5
2023-08-02 23:00:44,29165.9,29165.98,29186.0,29186.5,29165.0,29165.5
2023-08-02 23:00:55,29165.62,29166.23,29186.0,29186.5,29165.0,29165.5
2023-08-02 23:01:06,29165.71,29166.62,29186.0,29186.5,29165.0,29165.5
2023-08-02 23:01:17,29163.32,29163.81,29186.0,29186.5,29165.0,29165.5
2023-08-02 23:01:28,29163.31,29163.32,29186.0,29186.5,29165.0,29165.5
2023-08-02 23:01:38,29163.86,29164.3,29186.0,29186.5,29165.0,29165.5
2023-08-02 23:01:49,29163.34,29163.99,29186.0,29186.5,29165.0,29165.5
2023-08-02 23:02:00,29162.2,29162.9,29186.0,29186.5,29165.0,29165.5
2023-08-02 23:02:11,29163.07,29164.09,29186.0,29186.5,29165.0,29165.5
2023-08-02 23:02:22,29164.05,29165.2,29186.0,29186.5,29165.0,29165.5
2023-08-02 23:02:32,29162.93,29163.51,29186.0,29186.5,29165.0,29165.5
2023-08-02 23:02:43,29162.87,29163.63,29186.0,29186.5,29165.0,29165.5
2023-08-02 23:02:54,29159.13,29159.66,29186.0,29186.5,29165.0,29165.5
2023-08-02 23:03:05,29159.31,29159.32,29186.0,29186.5,29164.0,29164.5
2023-08-02 23:03:16,29157.0,29157.76,29181.5,29182.0,29163.0,29163.5
2023-08-02 23:03:26,29156.64,29156.8,29180.5,29181.0,29162.0,29162.5
2023-08-02 23:03:37,29157.04,29157.78,29180.5,29181.0,29161.0,29161.5
2023-08-02 23:03:48,29156.37,29156.53,29180.5,29181.0,29160.0,29160.5
2023-08-02 23:03:59,29155.31,29156.5,29180.0,29180.5,29158.5,29159.0
2023-08-02 23:04:10,29155.05,29155.78,29180.0,29180.5,29158.0,29158.5
2023-08-02 23:04:20,29156.36,29157.0,29180.0,29180.5,29158.5,29159.0
2023-08-02 23:04:31,29156.84,29157.47,29180.0,29180.5,29158.5,29159.0
2023-08-02 23:04:42,29154.17,29155.02,29180.0,29180.5,29155.5,29156.0
2023-08-02 23:04:53,29153.03,29153.43,29180.0,29180.5,29155.0,29155.5
2023-08-02 23:05:04,29156.38,29157.45,29180.0,29180.5,29155.5,29156.0
2023-08-02 23:05:14,29154.26,29155.0,29180.0,29180.5,29155.5,29156.0
2023-08-02 23:05:25,29151.31,29151.99,29180.0,29180.5,29155.0,29155.5
2023-08-02 23:05:36,29153.15,29154.31,29180.0,29180.5,29155.0,29155.5
2023-08-02 23:05:47,29156.64,29157.18,29180.0,29180.5,29155.0,29155.5
2023-08-02 23:05:58,29158.02,29158.38,29180.0,29180.5,29155.0,29155.5
2023-08-02 23:06:08,29158.32,29158.89,29180.0,29180.5,29155.0,29155.5
2023-08-02 23:06:19,29158.38,29158.87,29180.0,29180.5,29158.0,29158.5
2023-08-02 23:06:30,29158.24,29158.91,29180.0,29180.5,29158.0,29158.5
2023-08-02 23:06:41,29155.65,29156.35,29180.0,29180.5,29158.0,29158.5
2023-08-02 23:06:52,29158.36,29158.97,29180.0,29180.5,29157.0,29157.5
2023-08-02 23:07:02,29157.43,29158.04,29180.0,29180.5,29157.0,29157.5
2023-08-02 23:07:13,29154.2,29155.51,29180.0,29180.5,29156.5,29157.0
2023-08-02 23:07:24,29152.02,29152.34,29180.0,29180.5,29155.0,29155.5
2023-08-02 23:07:35,29152.68,29153.46,29180.0,29180.5,29154.5,29155.0
2023-08-02 23:07:46,29151.57,29152.28,29180.0,29180.5,29154.5,29155.0
2023-08-02 23:07:56,29150.72,29151.75,29180.0,29180.5,29154.0,29154.5
2023-08-02 23:08:07,29151.96,29152.47,29180.0,29180.5,29153.5,29154.0
2023-08-02 23:08:18,29153.43,29154.13,29180.0,29180.5,29153.5,29154.0
2023-08-02 23:08:29,29153.48,29153.49,29180.0,29180.5,29153.5,29154.0
2023-08-02 23:08:39,29153.42,29153.81,29180.0,29180.5,29153.5,29154.0
2023-08-02 23:08:50,29152.67,29153.56,29180.0,29180.5,29153.5,29154.0
2023-08-02 23:09:01,29152.29,29153.21,29180.0,29180.5,29153.5,29154.0
2023-08-02 23:09:12,29152.82,29152.97,29180.0,29180.5,29153.5,29154.0
2023-08-02 23:09:22,29152.74,29153.32,29180.0,29180.5,29153.5,29154.0
2023-08-02 23:09:33,29153.01,29154.19,29180.0,29180.5,29153.5,29154.0
2023-08-02 23:09:44,29152.61,29153.24,29180.0,29180.5,29153.5,29154.0
2023-08-02 23:09:55,29151.43,29152.46,29180.0,29180.5,29153.5,29154.0
2023-08-02 23:10:06,29154.5,29155.65,29180.0,29180.5,29153.5,29154.0
2023-08-02 23:10:17,29149.03,29149.91,29180.0,29180.5,29153.5,29154.0
2023-08-02 23:10:27,29149.07,29149.97,29180.0,29180.5,29152.5,29153.0
2023-08-02 23:10:38,29147.17,29147.82,29180.0,29180.5,29152.0,29152.5
2023-08-02 23:10:49,29149.14,29150.0,29180.0,29180.5,29152.0,29152.5
2023-08-02 23:11:00,29152.26,29153.0,29180.0,29180.5,29152.0,29152.5
2023-08-02 23:11:11,29151.0,29151.52,29180.0,29180.5,29152.0,29152.5
2023-08-02 23:11:21,29149.31,29150.17,29180.0,29180.5,29152.0,29152.5
2023-08-02 23:11:32,29149.22,29149.95,29180.0,29180.5,29152.0,29152.5
2023-08-02 23:11:43,29150.58,29150.96,29180.0,29180.5,29152.0,29152.5
2023-08-02 23:11:54,29150.14,29150.71,29180.0,29180.5,29152.0,29152.5
2023-08-02 23:12:05,29148.88,29149.62,29180.0,29180.5,29152.0,29152.5
2023-08-02 23:12:15,29149.07,29149.75,29180.0,29180.5,29152.0,29152.5
2023-08-02 23:12:26,29149.18,29149.27,29180.0,29180.5,29152.0,29152.5
2023-08-02 23:12:37,29148.66,29148.9,29180.0,29180.5,29152.0,29152.5
2023-08-02 23:12:48,29149.67,29150.47,29180.0,29180.5,29152.0,29152.5
2023-08-02 23:12:59,29149.33,29149.99,29180.0,29180.5,29152.0,29152.5
2023-08-02 23:13:09,29151.02,29151.82,29180.0,29180.5,29152.0,29152.5
2023-08-02 23:13:20,29151.31,29151.99,29180.0,29180.5,29152.5,29153.0
2023-08-02 23:13:31,29150.89,29151.65,29180.0,29180.5,29152.5,29153.0
2023-08-02 23:13:42,29150.44,29151.32,29180.0,29180.5,29153.5,29154.0
2023-08-02 23:13:53,29150.96,29151.94,29180.0,29180.5,29154.0,29154.5
2023-08-02 23:14:03,29150.96,29151.23,29180.0,29180.5,29154.0,29154.5
2023-08-02 23:14:14,29150.8,29151.46,29180.0,29180.5,29153.0,29153.5
2023-08-02 23:14:25,29152.32,29153.02,29180.0,29180.5,29152.5,29153.0
2023-08-02 23:14:36,29151.05,29151.74,29180.0,29180.5,29153.0,29153.5
2023-08-02 23:14:47,29151.01,29151.93,29180.0,29180.5,29153.5,29154.0
2023-08-02 23:14:57,29151.42,29151.93,29180.0,29180.5,29153.5,29154.0
2023-08-02 23:15:08,29150.84,29151.4,29180.0,29180.5,29153.5,29154.0
2023-08-02 23:15:19,29149.8,29150.8,29177.0,29177.5,29153.0,29153.5
2023-08-02 23:15:30,29151.49,29151.87,29177.0,29177.5,29153.0,29153.5
2023-08-02 23:15:40,29151.05,29151.39,29177.0,29177.5,29153.0,29153.5
2023-08-02 23:15:51,29149.81,29150.11,29177.0,29177.5,29153.0,29153.5
2023-08-02 23:16:02,29152.48,29153.23,29177.0,29177.5,29153.0,29153.5
2023-08-02 23:16:13,29150.34,29151.3,29177.0,29177.5,29153.5,29154.0
2023-08-02 23:16:24,29152.08,29152.69,29177.0,29177.5,29153.5,29154.0
2023-08-02 23:16:35,29153.11,29154.17,29177.0,29177.5,29153.5,29154.0
2023-08-02 23:16:45,29154.49,29155.27,29177.0,29177.5,29153.5,29154.0
2023-08-02 23:16:56,29154.73,29155.42,29177.0,29177.5,29154.0,29154.5
2023-08-02 23:17:07,29154.33,29155.15,29177.0,29177.5,29154.0,29154.5
2023-08-02 23:17:18,29154.64,29155.19,29177.0,29177.5,29154.0,29154.5
2023-08-02 23:17:28,29153.15,29153.47,29177.0,29177.5,29154.0,29154.5
2023-08-02 23:17:39,29152.93,29153.35,29177.0,29177.5,29154.0,29154.5
2023-08-02 23:17:50,29155.75,29156.8,29177.0,29177.5,29154.0,29154.5
2023-08-02 23:18:01,29154.22,29154.97,29177.0,29177.5,29154.5,29155.0
2023-08-02 23:18:12,29154.06,29154.58,29177.0,29177.5,29154.5,29155.0
2023-08-02 23:18:22,29158.08,29159.87,29177.0,29177.5,29154.5,29155.0
2023-08-02 23:18:33,29157.55,29158.98,29177.0,29177.5,29156.5,29157.0
2023-08-02 23:18:44,29155.37,29155.95,29177.0,29177.5,29156.5,29157.0
2023-08-02 23:18:55,29153.27,29153.99,29177.0,29177.5,29156.5,29157.0
2023-08-02 23:19:06,29148.32,29149.12,29174.0,29174.5,29153.5,29154.0
2023-08-02 23:19:16,29149.44,29150.55,29174.0,29174.5,29152.0,29152.5
2023-08-02 23:19:27,29148.59,29149.48,29174.0,29174.5,29152.0,29152.5
2023-08-02 23:19:38,29145.64,29146.3,29172.5,29173.0,29149.5,29150.0
2023-08-02 23:19:49,29151.02,29151.97,29172.0,29172.5,29149.5,29150.0
2023-08-02 23:20:00,29149.34,29150.18,29172.0,29172.5,29149.5,29150.0
2023-08-02 23:20:10,29147.76,29148.93,29172.0,29172.5,29149.5,29150.0
2023-08-02 23:20:21,29147.12,29147.87,29172.0,29172.5,29149.5,29150.0
2023-08-02 23:20:32,29147.63,29148.57,29172.0,29172.5,29149.0,29149.5
2023-08-02 23:20:43,29146.96,29147.24,29172.0,29172.5,29149.0,29149.5
2023-08-02 23:20:53,29146.84,29147.0,29172.0,29172.5,29148.5,29149.0
2023-08-02 23:21:04,29146.26,29147.15,29172.0,29172.5,29148.0,29148.5
2023-08-02 23:21:15,29146.71,29146.95,29172.0,29172.5,29148.0,29148.5
2023-08-02 23:21:26,29145.65,29146.07,29172.0,29172.5,29147.0,29147.5
2023-08-02 23:21:37,29144.48,29144.87,29172.0,29172.5,29146.5,29147.0
2023-08-02 23:21:47,29144.24,29144.86,29169.0,29169.5,29144.5,29145.0
2023-08-02 23:21:58,29141.41,29142.18,29165.0,29165.5,29144.0,29144.5
2023-08-02 23:22:09,29130.6,29132.12,29153.5,29154.0,29133.0,29133.5
2023-08-02 23:22:20,29133.23,29134.17,29153.5,29154.0,29134.5,29135.0
2023-08-02 23:22:31,29133.5,29134.4,29153.5,29154.0,29133.5,29134.0
2023-08-02 23:22:41,29133.04,29133.97,29153.5,29154.0,29133.0,29133.5
2023-08-02 23:22:52,29130.47,29131.16,29153.5,29154.0,29131.5,29132.0
2023-08-02 23:23:03,29136.43,29137.4,29153.5,29154.0,29135.5,29136.0
2023-08-02 23:23:14,29136.31,29136.94,29153.5,29154.0,29135.0,29135.5
2023-08-02 23:23:25,29133.57,29133.62,29153.5,29154.0,29132.5,29133.0
2023-08-02 23:23:35,29128.37,29129.63,29152.5,29153.0,29131.0,29131.5
2023-08-02 23:23:46,29122.47,29124.0,29146.0,29146.5,29122.0,29122.5
2023-08-02 23:23:57,29120.57,29121.19,29145.0,29145.5,29120.5,29121.0
2023-08-02 23:24:08,29126.2,29126.92,29144.5,29145.0,29123.5,29124.0
2023-08-02 23:24:19,29125.87,29126.84,29144.5,29145.0,29123.5,29124.0
2023-08-02 23:24:29,29126.09,29127.0,29144.5,29145.0,29123.5,29124.0
2023-08-02 23:24:40,29124.3,29124.98,29144.5,29145.0,29123.5,29124.0
2023-08-02 23:24:51,29122.44,29123.46,29144.5,29145.0,29122.0,29122.5
2023-08-02 23:25:02,29123.51,29124.18,29144.5,29145.0,29120.5,29121.0
2023-08-02 23:25:13,29123.64,29124.21,29144.5,29145.0,29121.0,29121.5
2023-08-02 23:25:23,29123.88,29124.38,29144.5,29145.0,29121.0,29121.5
2023-08-02 23:25:34,29123.4,29124.56,29144.5,29145.0,29121.0,29121.5
2023-08-02 23:25:45,29122.06,29122.64,29144.5,29145.0,29120.5,29121.0
2023-08-02 23:25:56,29122.79,29123.49,29144.5,29145.0,29120.5,29121.0
2023-08-02 23:26:06,29129.61,29130.04,29147.5,29148.0,29128.5,29129.0
2023-08-02 23:26:17,29124.12,29124.67,29147.5,29148.0,29125.0,29125.5
2023-08-02 23:26:28,29122.7,29123.81,29146.0,29146.5,29122.5,29123.0
2023-08-02 23:26:39,29123.45,29124.41,29146.0,29146.5,29122.0,29122.5
2023-08-02 23:26:50,29122.89,29123.63,29146.0,29146.5,29122.0,29122.5
2023-08-02 23:27:01,29124.83,29125.84,29146.0,29146.5,29122.0,29122.5
2023-08-02 23:27:11,29124.44,29125.22,29146.0,29146.5,29122.0,29122.5
2023-08-02 23:27:22,29124.09,29124.68,29145.5,29146.0,29122.0,29122.5
2023-08-02 23:27:33,29124.8,29125.16,29145.5,29146.0,29122.0,29122.5
2023-08-02 23:27:44,29126.07,29126.86,29145.5,29146.0,29122.0,29122.5
2023-08-02 23:27:55,29125.67,29126.3,29145.5,29146.0,29122.0,29122.5
2023-08-02 23:28:05,29134.96,29135.93,29153.0,29153.5,29130.0,29130.5
2023-08-02 23:28:16,29136.57,29137.37,29153.0,29153.5,29131.0,29131.5
2023-08-02 23:28:27,29137.39,29137.44,29155.0,29155.5,29132.5,29133.0
2023-08-02 23:28:38,29133.79,29133.8,29155.0,29155.5,29135.0,29135.5
2023-08-02 23:28:49,29135.0,29135.5,29155.0,29155.5,29135.0,29135.5
2023-08-02 23:29:00,29134.65,29135.05,29155.0,29155.5,29134.0,29134.5
2023-08-02 23:29:10,29135.87,29136.65,29155.0,29155.5,29133.5,29134.0
2023-08-02 23:29:21,29137.41,29138.32,29155.0,29155.5,29133.5,29134.0
2023-08-02 23:29:32,29136.8,29136.85,29155.0,29155.5,29133.5,29134.0
2023-08-02 23:29:43,29140.39,29141.43,29155.0,29155.5,29133.5,29134.0
