timestamp,Bybit_XRPUSDC_bid,Bybit_XRPUSDC_ask,Bitget_XRPUSDTUMCBL_bid,Bitget_XRPUSDTUMCBL_ask
2023-08-09 12:34:46,0.6481,0.6483,0.64818,0.64825
2023-08-09 12:35:02,0.6481,0.6483,0.64815,0.64816
2023-08-09 12:35:17,0.6483,0.6485,0.64835,0.6484
2023-08-09 12:35:32,0.6478,0.6482,0.64795,0.64796
2023-08-09 12:35:47,0.6476,0.6482,0.64779,0.6478
2023-08-09 12:36:03,0.6469,0.6475,0.64714,0.64724
2023-08-09 12:36:18,0.6462,0.6465,0.64625,0.64634
2023-08-09 12:36:33,0.6461,0.6464,0.64615,0.64621
2023-08-09 12:36:48,0.6463,0.6468,0.64649,0.64653
2023-08-09 12:37:03,0.6467,0.6471,0.64689,0.64697
2023-08-09 12:37:19,0.6463,0.6469,0.64643,0.64652
2023-08-09 12:37:34,0.6466,0.6469,0.64674,0.64682
2023-08-09 12:37:49,0.647,0.6473,0.64711,0.64712
2023-08-09 12:38:04,0.6469,0.6472,0.647,0.6471
2023-08-09 12:38:20,0.6469,0.6473,0.6471,0.64711
2023-08-09 12:38:35,0.6469,0.6472,0.64701,0.64707
2023-08-09 12:38:50,0.647,0.6473,0.6471,0.64716
2023-08-09 12:39:05,0.6469,0.6475,0.64715,0.64725
2023-08-09 12:39:20,0.6465,0.6467,0.64672,0.64681
2023-08-09 12:39:36,0.6461,0.6465,0.64628,0.64634
2023-08-09 12:39:51,0.646,0.6463,0.64613,0.64619
2023-08-09 12:40:06,0.6464,0.6466,0.6465,0.64658
2023-08-09 12:40:21,0.6462,0.6465,0.64626,0.64635
2023-08-09 12:40:37,0.6467,0.6469,0.64665,0.64672
2023-08-09 12:40:52,0.6461,0.6467,0.64633,0.6464
2023-08-09 12:41:07,0.6461,0.6464,0.64626,0.64632
2023-08-09 12:41:22,0.6463,0.6466,0.64651,0.64652
2023-08-09 12:41:37,0.6467,0.647,0.64681,0.6469
2023-08-09 12:41:53,0.6465,0.6467,0.64679,0.64685
2023-08-09 12:42:08,0.6462,0.6465,0.64628,0.64634
2023-08-09 12:42:23,0.6457,0.6458,0.64578,0.64582
2023-08-09 12:42:38,0.6462,0.6465,0.64636,0.64642
2023-08-09 12:42:53,0.6461,0.6465,0.64617,0.64618
2023-08-09 12:43:09,0.6462,0.6464,0.64625,0.6463
2023-08-09 12:43:24,0.6459,0.6462,0.64603,0.64608
2023-08-09 12:43:39,0.6459,0.6462,0.64601,0.64602
2023-08-09 12:43:54,0.6457,0.6458,0.64578,0.6458
2023-08-09 12:44:10,0.6453,0.6458,0.64553,0.64568
2023-08-09 12:44:25,0.6459,0.6462,0.64615,0.64616
2023-08-09 12:44:40,0.6458,0.6462,0.64594,0.64595
2023-08-09 12:44:55,0.6455,0.6458,0.6456,0.6457
2023-08-09 12:45:10,0.6457,0.646,0.64586,0.64593
2023-08-09 12:45:26,0.6459,0.6462,0.646,0.64606
2023-08-09 12:45:41,0.646,0.6464,0.64629,0.64638
2023-08-09 12:45:56,0.6461,0.6464,0.64639,0.64649
2023-08-09 12:46:11,0.646,0.6464,0.64656,0.64657
2023-08-09 12:46:26,0.6453,0.6454,0.64546,0.64551
2023-08-09 12:46:41,0.6454,0.6459,0.64567,0.64572
2023-08-09 12:46:57,0.6457,0.6458,0.64589,0.6459
2023-08-09 12:47:12,0.6456,0.6459,0.64561,0.64566
2023-08-09 12:47:27,0.6458,0.6462,0.64599,0.646
2023-08-09 12:47:42,0.6459,0.6463,0.64616,0.64628
2023-08-09 12:47:58,0.646,0.6462,0.64613,0.64617
2023-08-09 12:48:13,0.6456,0.6459,0.64554,0.64558
2023-08-09 12:48:28,0.6455,0.6458,0.64552,0.64553
2023-08-09 12:48:43,0.6455,0.6458,0.64563,0.64573
2023-08-09 12:48:58,0.6452,0.6453,0.64511,0.64515
2023-08-09 12:49:14,0.6454,0.6458,0.64553,0.64563
2023-08-09 12:49:29,0.6456,0.6459,0.6457,0.64577
2023-08-09 12:49:44,0.6458,0.646,0.64576,0.6458
2023-08-09 12:49:59,0.6459,0.6462,0.64589,0.64591
2023-08-09 12:50:14,0.6458,0.6462,0.64574,0.64584
2023-08-09 12:50:30,0.6461,0.6463,0.64604,0.6461
2023-08-09 12:50:45,0.6463,0.6464,0.64616,0.64621
2023-08-09 12:51:00,0.6464,0.6466,0.64615,0.64619
2023-08-09 12:51:15,0.6465,0.6466,0.64633,0.64636
2023-08-09 12:51:30,0.6469,0.6471,0.64679,0.6468
2023-08-09 12:51:46,0.6468,0.6473,0.64707,0.64708
2023-08-09 12:52:01,0.647,0.6473,0.64699,0.64703
2023-08-09 12:52:16,0.6472,0.6474,0.64714,0.64719
2023-08-09 12:52:31,0.6476,0.6478,0.64755,0.64764
2023-08-09 12:52:46,0.647,0.6472,0.64713,0.64718
2023-08-09 12:53:02,0.6474,0.6476,0.64731,0.64733
2023-08-09 12:53:17,0.6472,0.6474,0.64735,0.64741
2023-08-09 12:53:32,0.647,0.6471,0.64694,0.64703
2023-08-09 12:53:47,0.6468,0.647,0.64715,0.64716
2023-08-09 12:54:03,0.6466,0.6468,0.64658,0.64663
2023-08-09 12:54:18,0.6464,0.6467,0.64641,0.64642
2023-08-09 12:54:33,0.6464,0.6467,0.64641,0.64647
2023-08-09 12:54:48,0.6464,0.6466,0.64639,0.6464
2023-08-09 12:55:03,0.6466,0.6468,0.64661,0.64662
2023-08-09 12:55:19,0.6467,0.6469,0.6466,0.64664
2023-08-09 12:55:34,0.6468,0.647,0.64677,0.64688
2023-08-09 12:55:49,0.6466,0.6468,0.64661,0.64667
2023-08-09 12:56:04,0.647,0.6472,0.64682,0.64692
2023-08-09 12:56:19,0.647,0.6472,0.64711,0.64712
2023-08-09 12:56:35,0.6472,0.6474,0.64716,0.64721
2023-08-09 12:56:50,0.6475,0.6477,0.64751,0.64759
2023-08-09 12:57:05,0.6475,0.6477,0.64759,0.64762
2023-08-09 12:57:20,0.6476,0.6478,0.64756,0.64763
2023-08-09 12:57:35,0.6474,0.6477,0.64741,0.64751
2023-08-09 12:57:51,0.6477,0.648,0.6477,0.64774
2023-08-09 12:58:06,0.6477,0.648,0.64773,0.64782
2023-08-09 12:58:21,0.6478,0.648,0.64781,0.64788
2023-08-09 12:58:36,0.648,0.6482,0.64795,0.64796
2023-08-09 12:58:51,0.648,0.6482,0.64801,0.64804
2023-08-09 12:59:07,0.6481,0.6484,0.64816,0.64819
2023-08-09 12:59:22,0.6483,0.6485,0.64833,0.64838
2023-08-09 12:59:37,0.6481,0.6483,0.64811,0.64819
2023-08-09 12:59:52,0.6477,0.6479,0.64781,0.64785
2023-08-09 13:00:08,0.6479,0.6483,0.64809,0.64817
2023-08-09 13:00:23,0.6479,0.6482,0.64798,0.64803
2023-08-09 13:00:38,0.6482,0.6484,0.64816,0.64817
2023-08-09 13:00:53,0.6489,0.6492,0.64868,0.64873
2023-08-09 13:01:09,0.6485,0.649,0.64845,0.64851
2023-08-09 13:01:24,0.6486,0.6489,0.64875,0.64876
2023-08-09 13:01:39,0.6483,0.6485,0.6483,0.64839
2023-08-09 13:01:54,0.648,0.6482,0.64796,0.64805
2023-08-09 13:02:10,0.6474,0.6478,0.64748,0.64757
2023-08-09 13:02:25,0.6474,0.6476,0.64725,0.64741
2023-08-09 13:02:40,0.6477,0.648,0.64771,0.64782
2023-08-09 13:02:55,0.6476,0.6478,0.64754,0.64756
2023-08-09 13:03:10,0.6472,0.6474,0.6471,0.64719
2023-08-09 13:03:26,0.6467,0.647,0.64675,0.64678
2023-08-09 13:03:41,0.6469,0.6471,0.64677,0.64685
2023-08-09 13:03:56,0.6471,0.6473,0.64691,0.64699
2023-08-09 13:04:11,0.6471,0.6476,0.64712,0.64719
2023-08-09 13:04:26,0.6468,0.647,0.64673,0.64677
2023-08-09 13:04:42,0.6475,0.6478,0.64739,0.64749
2023-08-09 13:04:57,0.6475,0.648,0.64753,0.64756
2023-08-09 13:05:12,0.6484,0.6486,0.64808,0.64809
2023-08-09 13:05:28,0.6485,0.649,0.64825,0.64833
2023-08-09 13:05:43,0.651,0.6513,0.65102,0.65103
2023-08-09 13:05:58,0.6545,0.6552,0.65486,0.65491
2023-08-09 13:06:13,0.656,0.6567,0.65676,0.65691
2023-08-09 13:06:29,0.6545,0.6551,0.65529,0.65532
2023-08-09 13:06:44,0.6542,0.6549,0.65437,0.65444
2023-08-09 13:06:59,0.6533,0.6536,0.6532,0.65321
2023-08-09 13:07:14,0.6531,0.6539,0.65318,0.65321
2023-08-09 13:07:29,0.6536,0.6541,0.65359,0.6537
2023-08-09 13:07:45,0.6536,0.654,0.65386,0.65387
2023-08-09 13:08:00,0.6535,0.6541,0.65369,0.6537
2023-08-09 13:08:15,0.6546,0.6552,0.65447,0.65469
2023-08-09 13:08:30,0.6555,0.6562,0.65555,0.65569
2023-08-09 13:08:45,0.6556,0.656,0.65569,0.65575
2023-08-09 13:09:01,0.655,0.6554,0.65503,0.65504
2023-08-09 13:09:16,0.6553,0.6559,0.65583,0.65584
2023-08-09 13:09:31,0.6543,0.6546,0.6545,0.65451
2023-08-09 13:09:46,0.6548,0.6551,0.65455,0.65471
2023-08-09 13:10:02,0.6545,0.655,0.65467,0.65471
2023-08-09 13:10:17,0.6543,0.6547,0.65433,0.6544
2023-08-09 13:10:32,0.6538,0.6543,0.65387,0.65392
2023-08-09 13:10:47,0.6533,0.6537,0.65326,0.6534
2023-08-09 13:11:02,0.654,0.6543,0.65404,0.65406
2023-08-09 13:11:18,0.6532,0.6535,0.65313,0.65317
2023-08-09 13:11:33,0.6532,0.6536,0.65311,0.65319
2023-08-09 13:11:48,0.6531,0.6534,0.65319,0.6532
2023-08-09 13:12:03,0.6534,0.6538,0.6534,0.65347
2023-08-09 13:12:18,0.6531,0.6532,0.65298,0.65299
2023-08-09 13:12:34,0.6531,0.6534,0.65302,0.65303
2023-08-09 13:12:49,0.6525,0.653,0.6526,0.65269
2023-08-09 13:13:04,0.653,0.6534,0.65301,0.65309
2023-08-09 13:13:19,0.652,0.6523,0.652,0.6521
2023-08-09 13:13:34,0.6525,0.6529,0.65249,0.6525
2023-08-09 13:13:50,0.6523,0.6526,0.65217,0.65229
2023-08-09 13:14:05,0.6524,0.6527,0.65229,0.65239
2023-08-09 13:14:20,0.6525,0.6531,0.65261,0.65262
2023-08-09 13:14:35,0.6523,0.6528,0.65234,0.65239
2023-08-09 13:14:51,0.6519,0.6522,0.65179,0.65181
2023-08-09 13:15:06,0.6514,0.6517,0.65126,0.65128
2023-08-09 13:15:21,0.6519,0.6521,0.6518,0.6519
2023-08-09 13:15:36,0.6513,0.6517,0.65128,0.65131
2023-08-09 13:15:51,0.6517,0.6519,0.65152,0.65169
2023-08-09 13:16:07,0.6514,0.6516,0.65133,0.6514
2023-08-09 13:16:22,0.6514,0.6516,0.65141,0.65142
2023-08-09 13:16:37,0.6513,0.6515,0.6514,0.65141
2023-08-09 13:16:52,0.6522,0.6526,0.65221,0.6523
2023-08-09 13:17:07,0.6523,0.6527,0.65249,0.6525
2023-08-09 13:17:23,0.6525,0.6529,0.65268,0.65271
2023-08-09 13:17:38,0.6532,0.6537,0.65315,0.65316
2023-08-09 13:17:53,0.6531,0.6534,0.65292,0.65298
2023-08-09 13:18:08,0.653,0.6533,0.653,0.65309
2023-08-09 13:18:23,0.6532,0.6535,0.65306,0.65311
2023-08-09 13:18:39,0.6531,0.6536,0.6533,0.65331
2023-08-09 13:18:54,0.6546,0.6549,0.6543,0.65432
2023-08-09 13:19:09,0.6536,0.6539,0.65348,0.65357
2023-08-09 13:19:24,0.6534,0.6536,0.65341,0.65342
2023-08-09 13:19:39,0.6537,0.654,0.65344,0.65351
2023-08-09 13:19:55,0.6546,0.655,0.65451,0.65452
2023-08-09 13:20:10,0.6552,0.6557,0.65514,0.65515
2023-08-09 13:20:25,0.6587,0.6592,0.6587,0.65871
2023-08-09 13:20:40,0.6587,0.6595,0.659,0.65901
2023-08-09 13:20:55,0.658,0.6585,0.65799,0.6581
2023-08-09 13:21:11,0.6571,0.6577,0.65715,0.6573
2023-08-09 13:21:26,0.6566,0.6571,0.65666,0.65671
2023-08-09 13:21:41,0.6564,0.6569,0.65651,0.65659
2023-08-09 13:21:56,0.6567,0.6573,0.65678,0.65689
2023-08-09 13:22:12,0.6555,0.6558,0.65535,0.65541
2023-08-09 13:22:27,0.6554,0.6558,0.65522,0.65538
2023-08-09 13:22:42,0.6559,0.6564,0.6557,0.6558
2023-08-09 13:22:57,0.6561,0.6566,0.65594,0.65601
2023-08-09 13:23:12,0.6574,0.6577,0.65719,0.6572
2023-08-09 13:23:28,0.6577,0.6583,0.65767,0.65768
2023-08-09 13:23:43,0.6585,0.6589,0.65829,0.65841
2023-08-09 13:23:58,0.6612,0.662,0.66106,0.66108
2023-08-09 13:24:13,0.6628,0.6637,0.6624,0.66261
2023-08-09 13:24:28,0.6613,0.6623,0.66114,0.66121
2023-08-09 13:24:43,0.6612,0.6616,0.66094,0.66099
2023-08-09 13:24:59,0.6614,0.6619,0.66134,0.66138
2023-08-09 13:25:14,0.6597,0.6605,0.65973,0.65986
2023-08-09 13:25:29,0.6595,0.66,0.65929,0.65941
2023-08-09 13:25:44,0.6598,0.6604,0.6596,0.65971
2023-08-09 13:25:59,0.6612,0.6618,0.66067,0.66072
2023-08-09 13:26:15,0.6622,0.6627,0.66223,0.6623
2023-08-09 13:26:30,0.6623,0.6628,0.66203,0.66206
2023-08-09 13:26:45,0.6615,0.662,0.6614,0.6615
2023-08-09 13:27:00,0.6609,0.6614,0.6609,0.66101
2023-08-09 13:27:15,0.6607,0.6612,0.66029,0.66041
2023-08-09 13:27:31,0.6603,0.6608,0.66,0.66009
2023-08-09 13:27:46,0.6615,0.6619,0.66125,0.66134
2023-08-09 13:28:01,0.6619,0.6625,0.66205,0.66214
2023-08-09 13:28:16,0.6615,0.6619,0.6614,0.66151
2023-08-09 13:28:31,0.6623,0.6627,0.66209,0.6621
2023-08-09 13:28:47,0.6613,0.6619,0.66103,0.66109
2023-08-09 13:29:02,0.6606,0.661,0.66033,0.66041
2023-08-09 13:29:17,0.6597,0.6601,0.65931,0.6595
2023-08-09 13:29:32,0.6605,0.6608,0.6602,0.66031
2023-08-09 13:29:48,0.6601,0.6603,0.65976,0.65989
2023-08-09 13:30:03,0.6617,0.6622,0.66158,0.66162
2023-08-09 13:30:18,0.6609,0.6614,0.6607,0.66071
2023-08-09 13:30:33,0.6601,0.6604,0.6602,0.66021
2023-08-09 13:30:48,0.6603,0.6608,0.66005,0.66009
2023-08-09 13:31:04,0.6595,0.66,0.65938,0.65939
2023-08-09 13:31:19,0.6614,0.6617,0.66115,0.66119
2023-08-09 13:31:34,0.6616,0.6618,0.6612,0.66121
2023-08-09 13:31:49,0.6616,0.6618,0.66142,0.6615
2023-08-09 13:32:04,0.6615,0.6619,0.661,0.66101
2023-08-09 13:32:20,0.6619,0.6622,0.6615,0.6617
2023-08-09 13:32:35,0.6613,0.6615,0.66088,0.6609
2023-08-09 13:32:50,0.6612,0.6616,0.66095,0.66101
2023-08-09 13:33:05,0.6607,0.6611,0.66038,0.66047
2023-08-09 13:33:20,0.6595,0.6599,0.65924,0.65935
2023-08-09 13:33:36,0.6592,0.6595,0.65888,0.65889
2023-08-09 13:33:51,0.6599,0.6603,0.65951,0.65961
2023-08-09 13:34:06,0.6599,0.6602,0.65964,0.65979
2023-08-09 13:34:21,0.6601,0.6607,0.65989,0.65998
2023-08-09 13:34:36,0.6604,0.6608,0.66016,0.66022
2023-08-09 13:34:52,0.6612,0.6618,0.66099,0.6611
2023-08-09 13:35:07,0.6606,0.6609,0.66034,0.66046
2023-08-09 13:35:22,0.6608,0.6612,0.66054,0.66063
2023-08-09 13:35:37,0.661,0.6616,0.66084,0.66085
2023-08-09 13:35:52,0.6612,0.6615,0.66097,0.661
2023-08-09 13:36:08,0.6611,0.6614,0.6608,0.66089
2023-08-09 13:36:23,0.6608,0.6613,0.66061,0.6607
2023-08-09 13:36:38,0.6611,0.6616,0.66091,0.66092
2023-08-09 13:36:53,0.6614,0.6618,0.66115,0.66116
2023-08-09 13:37:08,0.6608,0.6612,0.66078,0.66086
2023-08-09 13:37:24,0.6607,0.6611,0.6604,0.66041
2023-08-09 13:37:39,0.6604,0.6609,0.6603,0.66036
2023-08-09 13:37:54,0.6597,0.6601,0.65945,0.65961
2023-08-09 13:38:09,0.6597,0.66,0.65958,0.65959
2023-08-09 13:38:24,0.659,0.6593,0.65881,0.65887
2023-08-09 13:38:40,0.6577,0.6582,0.6574,0.65748
2023-08-09 13:38:55,0.6584,0.6587,0.65816,0.65817
2023-08-09 13:39:10,0.658,0.6584,0.65805,0.65811
2023-08-09 13:39:25,0.6572,0.6576,0.65719,0.6572
2023-08-09 13:39:41,0.6573,0.6578,0.65707,0.65719
2023-08-09 13:39:56,0.6571,0.6576,0.65714,0.6572
2023-08-09 13:40:11,0.6569,0.6575,0.65688,0.65699
2023-08-09 13:40:26,0.6577,0.6581,0.65745,0.65758
2023-08-09 13:40:41,0.6578,0.6583,0.65793,0.65794
2023-08-09 13:40:57,0.658,0.6586,0.65799,0.65803
2023-08-09 13:41:12,0.6581,0.6587,0.65805,0.65814
2023-08-09 13:41:27,0.6591,0.6597,0.65898,0.65911
2023-08-09 13:41:42,0.6593,0.6598,0.65914,0.65924
2023-08-09 13:41:57,0.6589,0.6593,0.65849,0.6586
2023-08-09 13:42:13,0.659,0.6594,0.65867,0.65879
2023-08-09 13:42:28,0.6595,0.6598,0.65923,0.65924
2023-08-09 13:42:43,0.6598,0.6601,0.65949,0.6595
2023-08-09 13:42:58,0.6595,0.66,0.6593,0.6594
2023-08-09 13:43:14,0.6604,0.6607,0.66009,0.66014
2023-08-09 13:43:29,0.6599,0.6602,0.65983,0.65987
2023-08-09 13:43:44,0.6606,0.6614,0.66052,0.66066
2023-08-09 13:43:59,0.6608,0.6613,0.6605,0.66051
2023-08-09 13:44:14,0.6602,0.6607,0.66,0.66001
2023-08-09 13:44:30,0.6599,0.6603,0.6595,0.6596
2023-08-09 13:44:45,0.6613,0.6616,0.6606,0.66071
2023-08-09 13:45:00,0.6629,0.6634,0.66314,0.66321
2023-08-09 13:45:15,0.6645,0.6649,0.66412,0.66424
2023-08-09 13:45:30,0.6647,0.665,0.6646,0.66472
2023-08-09 13:45:46,0.663,0.6636,0.66309,0.66317
2023-08-09 13:46:01,0.662,0.6625,0.66198,0.66201
2023-08-09 13:46:16,0.6615,0.6619,0.6614,0.66141
2023-08-09 13:46:31,0.6607,0.6611,0.66039,0.66066
2023-08-09 13:46:47,0.6612,0.6615,0.66085,0.66087
2023-08-09 13:47:02,0.661,0.6616,0.66135,0.66138
2023-08-09 13:47:17,0.6609,0.6611,0.66053,0.66059
2023-08-09 13:47:32,0.6609,0.6612,0.66049,0.6605
2023-08-09 13:47:48,0.6601,0.6604,0.66,0.66001
2023-08-09 13:48:03,0.661,0.6614,0.66128,0.66133
2023-08-09 13:48:18,0.6604,0.6607,0.66033,0.66035
2023-08-09 13:48:33,0.6604,0.6608,0.66033,0.66041
2023-08-09 13:48:48,0.6604,0.6606,0.66022,0.6603
2023-08-09 13:49:04,0.6598,0.6602,0.66,0.66001
2023-08-09 13:49:19,0.6596,0.66,0.65954,0.65955
2023-08-09 13:49:34,0.6593,0.6596,0.65903,0.65904
2023-08-09 13:49:49,0.6595,0.6599,0.6593,0.65941
2023-08-09 13:50:04,0.6594,0.6597,0.65901,0.6591
2023-08-09 13:50:20,0.6596,0.66,0.65926,0.65938
2023-08-09 13:50:35,0.6594,0.6598,0.6592,0.65921
2023-08-09 13:50:50,0.6592,0.6596,0.659,0.6591
2023-08-09 13:51:05,0.659,0.6592,0.65874,0.65888
2023-08-09 13:51:21,0.6594,0.6597,0.65904,0.65917
2023-08-09 13:51:36,0.6595,0.6597,0.65908,0.65917
2023-08-09 13:51:51,0.6597,0.6602,0.65936,0.65948
2023-08-09 13:52:06,0.6595,0.6598,0.6591,0.65911
2023-08-09 13:52:21,0.66,0.6604,0.65937,0.65941
2023-08-09 13:52:36,0.6601,0.6604,0.65969,0.65971
2023-08-09 13:52:52,0.6603,0.6605,0.66,0.66011
2023-08-09 13:53:07,0.66,0.6603,0.6598,0.6599
2023-08-09 13:53:22,0.6595,0.66,0.65942,0.65943
2023-08-09 13:53:37,0.6593,0.6596,0.65907,0.65908
2023-08-09 13:53:52,0.6593,0.6596,0.65919,0.65921
2023-08-09 13:54:08,0.6593,0.6596,0.659,0.65902
2023-08-09 13:54:23,0.6588,0.6591,0.65863,0.65869
2023-08-09 13:54:38,0.6588,0.6591,0.65858,0.65871
2023-08-09 13:54:53,0.6586,0.6589,0.65856,0.65868
2023-08-09 13:55:08,0.6583,0.6587,0.65824,0.65839
2023-08-09 13:55:24,0.6587,0.6589,0.65828,0.65838
2023-08-09 13:55:39,0.6591,0.6594,0.65866,0.65873
2023-08-09 13:55:54,0.6587,0.659,0.65855,0.65864
2023-08-09 13:56:09,0.659,0.6592,0.65853,0.65869
2023-08-09 13:56:24,0.6593,0.6596,0.65899,0.659
2023-08-09 13:56:40,0.6597,0.66,0.65928,0.65939
2023-08-09 13:56:55,0.66,0.6605,0.65996,0.65997
2023-08-09 13:57:10,0.6605,0.6611,0.66031,0.66032
2023-08-09 13:57:25,0.6606,0.6608,0.66039,0.6604
2023-08-09 13:57:40,0.6612,0.6616,0.66104,0.66105
2023-08-09 13:57:56,0.6612,0.6616,0.66099,0.66109
2023-08-09 13:58:11,0.6606,0.661,0.66039,0.66043
2023-08-09 13:58:26,0.661,0.6615,0.6608,0.66087
2023-08-09 13:58:41,0.6608,0.6611,0.66057,0.6606
2023-08-09 13:58:56,0.6607,0.661,0.66051,0.66061
2023-08-09 13:59:12,0.6606,0.6608,0.66032,0.66041
2023-08-09 13:59:27,0.6603,0.6607,0.66008,0.66019
2023-08-09 13:59:42,0.6597,0.6599,0.65961,0.65962
2023-08-09 13:59:57,0.6601,0.6605,0.66001,0.66009
2023-08-09 14:00:12,0.6592,0.6595,0.65895,0.659
2023-08-09 14:00:28,0.6591,0.6595,0.65877,0.65887
2023-08-09 14:00:43,0.6593,0.6597,0.65907,0.6592
2023-08-09 14:00:58,0.6599,0.6603,0.65946,0.65947
2023-08-09 14:01:13,0.6596,0.6597,0.6593,0.65941
2023-08-09 14:01:29,0.6597,0.6598,0.65927,0.6594
2023-08-09 14:01:44,0.6592,0.6595,0.65901,0.65905
2023-08-09 14:01:59,0.659,0.6593,0.65875,0.65882
2023-08-09 14:02:14,0.6589,0.6592,0.65866,0.65875
2023-08-09 14:02:30,0.6588,0.6592,0.65867,0.65871
2023-08-09 14:02:45,0.6592,0.6594,0.6589,0.65891
2023-08-09 14:03:00,0.66,0.6602,0.65963,0.6598
2023-08-09 14:03:15,0.6596,0.6599,0.65938,0.65939
2023-08-09 14:03:30,0.6596,0.66,0.65938,0.65939
2023-08-09 14:03:46,0.6596,0.6598,0.65932,0.65936
2023-08-09 14:04:01,0.6595,0.6597,0.65933,0.6594
2023-08-09 14:04:16,0.6595,0.6597,0.65926,0.65931
2023-08-09 14:04:31,0.6596,0.6598,0.6593,0.65939
2023-08-09 14:04:46,0.6591,0.6594,0.65887,0.65899
2023-08-09 14:05:02,0.659,0.6592,0.65877,0.65881
2023-08-09 14:05:17,0.6591,0.6594,0.6588,0.65888
2023-08-09 14:05:32,0.6591,0.6593,0.65882,0.6589
2023-08-09 14:05:47,0.6587,0.6589,0.65853,0.65858
2023-08-09 14:06:02,0.6588,0.6591,0.65857,0.65867
2023-08-09 14:06:18,0.6591,0.6593,0.65892,0.65896
2023-08-09 14:06:33,0.6584,0.6589,0.65821,0.6583
2023-08-09 14:06:48,0.6578,0.658,0.65766,0.6577
2023-08-09 14:07:03,0.6576,0.658,0.65751,0.65752
2023-08-09 14:07:19,0.6576,0.658,0.65751,0.65752
2023-08-09 14:07:34,0.6572,0.6575,0.65714,0.65716
2023-08-09 14:07:49,0.6574,0.6578,0.65713,0.65714
2023-08-09 14:08:04,0.6577,0.6581,0.65748,0.65756
2023-08-09 14:08:19,0.6571,0.6574,0.657,0.65701
2023-08-09 14:08:35,0.6568,0.657,0.65664,0.65669
2023-08-09 14:08:50,0.6567,0.6571,0.65658,0.6567
2023-08-09 14:09:05,0.6562,0.6567,0.65626,0.65631
2023-08-09 14:09:20,0.6564,0.6568,0.65659,0.65671
2023-08-09 14:09:35,0.6558,0.6561,0.65569,0.65574
2023-08-09 14:09:51,0.6558,0.6563,0.65565,0.65581
2023-08-09 14:10:06,0.6557,0.6562,0.6556,0.65568
2023-08-09 14:10:21,0.6555,0.6561,0.65548,0.65551
2023-08-09 14:10:36,0.6556,0.6564,0.65613,0.65614
2023-08-09 14:10:52,0.6556,0.6563,0.65572,0.65579
2023-08-09 14:11:07,0.6553,0.6557,0.6553,0.65531
2023-08-09 14:11:22,0.6556,0.6562,0.65561,0.65568
2023-08-09 14:11:37,0.6557,0.656,0.65556,0.65567
2023-08-09 14:11:52,0.6559,0.6564,0.65592,0.65598
2023-08-09 14:12:08,0.656,0.6565,0.65591,0.65597
2023-08-09 14:12:23,0.6567,0.6571,0.65657,0.65668
2023-08-09 14:12:38,0.656,0.6565,0.65616,0.65626
2023-08-09 14:12:53,0.6552,0.6557,0.65524,0.65535
2023-08-09 14:13:08,0.6552,0.6558,0.65519,0.65528
2023-08-09 14:13:24,0.6548,0.6553,0.6548,0.65481
2023-08-09 14:13:39,0.6548,0.6551,0.65474,0.65481
2023-08-09 14:13:54,0.6551,0.6555,0.65506,0.65518
2023-08-09 14:14:09,0.6557,0.6561,0.65571,0.6558
2023-08-09 14:14:24,0.6553,0.6558,0.65545,0.65551
2023-08-09 14:14:40,0.6552,0.6557,0.65511,0.6552
2023-08-09 14:14:55,0.6547,0.6551,0.65475,0.65476
2023-08-09 14:15:10,0.6542,0.6546,0.65413,0.65415
2023-08-09 14:15:25,0.6547,0.6553,0.65467,0.65468
2023-08-09 14:15:40,0.6548,0.6553,0.65471,0.65481
2023-08-09 14:15:56,0.6549,0.6553,0.65483,0.6549
2023-08-09 14:16:11,0.6552,0.6556,0.6549,0.65491
2023-08-09 14:16:26,0.6557,0.656,0.6556,0.65568
2023-08-09 14:16:41,0.6556,0.656,0.65569,0.6558
2023-08-09 14:16:56,0.6557,0.6562,0.65571,0.6558
2023-08-09 14:17:11,0.6557,0.6563,0.65568,0.65571
2023-08-09 14:17:27,0.6558,0.6561,0.65581,0.65591
2023-08-09 14:17:42,0.6556,0.6563,0.65572,0.65581
2023-08-09 14:17:57,0.6554,0.6558,0.65539,0.65543
2023-08-09 14:18:12,0.6554,0.6558,0.65536,0.6554
2023-08-09 14:18:28,0.6555,0.6559,0.65546,0.65551
2023-08-09 14:18:43,0.6556,0.656,0.6556,0.65562
2023-08-09 14:18:58,0.6555,0.6557,0.6554,0.65549
2023-08-09 14:19:13,0.6551,0.6555,0.65511,0.65521
2023-08-09 14:19:28,0.6552,0.6557,0.65524,0.6553
2023-08-09 14:19:44,0.6548,0.6552,0.65489,0.65491
2023-08-09 14:19:59,0.6546,0.6551,0.65456,0.65461
2023-08-09 14:20:14,0.6541,0.6545,0.65413,0.65416
2023-08-09 14:20:29,0.6538,0.6545,0.6541,0.65411
2023-08-09 14:20:45,0.6538,0.6544,0.654,0.65401
2023-08-09 14:21:00,0.654,0.6544,0.65396,0.65408
2023-08-09 14:21:15,0.6541,0.6544,0.65408,0.65416
2023-08-09 14:21:30,0.6544,0.655,0.65449,0.65459
2023-08-09 14:21:45,0.6545,0.6551,0.65442,0.6545
2023-08-09 14:22:01,0.6542,0.6547,0.65424,0.65425
2023-08-09 14:22:16,0.6544,0.6549,0.65444,0.65451
2023-08-09 14:22:31,0.6546,0.655,0.65457,0.6546
2023-08-09 14:22:46,0.6547,0.6553,0.65481,0.65488
2023-08-09 14:23:01,0.655,0.6555,0.65494,0.655
2023-08-09 14:23:17,0.655,0.6553,0.65481,0.65486
2023-08-09 14:23:32,0.6546,0.6549,0.65477,0.65478
2023-08-09 14:23:47,0.6549,0.6552,0.65477,0.65478
2023-08-09 14:24:02,0.6547,0.6552,0.6548,0.65481
2023-08-09 14:24:17,0.6546,0.655,0.65454,0.65459
2023-08-09 14:24:33,0.6545,0.655,0.65452,0.65459
2023-08-09 14:24:48,0.6545,0.655,0.65446,0.65449
2023-08-09 14:25:03,0.6545,0.655,0.65448,0.6545
2023-08-09 14:25:18,0.6549,0.6554,0.65494,0.65498
2023-08-09 14:25:33,0.6549,0.6555,0.65495,0.655
2023-08-09 14:25:49,0.6556,0.6562,0.65546,0.65551
2023-08-09 14:26:04,0.655,0.6556,0.65508,0.65519
2023-08-09 14:26:19,0.6551,0.6555,0.65505,0.65506
2023-08-09 14:26:34,0.6549,0.6554,0.65487,0.65491
2023-08-09 14:26:49,0.6556,0.656,0.6555,0.65559
2023-08-09 14:27:05,0.6557,0.6562,0.656,0.65601
2023-08-09 14:27:20,0.6557,0.6561,0.6557,0.65581
2023-08-09 14:27:35,0.6563,0.6568,0.6562,0.65631
2023-08-09 14:27:50,0.6566,0.657,0.65643,0.65651
2023-08-09 14:28:05,0.6561,0.6566,0.65618,0.65619
2023-08-09 14:28:21,0.656,0.6565,0.656,0.65604
2023-08-09 14:28:36,0.6558,0.6565,0.65587,0.65591
2023-08-09 14:28:51,0.6561,0.6567,0.65611,0.65619
2023-08-09 14:29:06,0.6568,0.6571,0.6566,0.6567
2023-08-09 14:29:21,0.6574,0.6576,0.65689,0.6569
2023-08-09 14:29:37,0.6571,0.6575,0.6569,0.65698
2023-08-09 14:29:52,0.657,0.6573,0.65672,0.65678
2023-08-09 14:30:07,0.6565,0.6569,0.65638,0.65644
2023-08-09 14:30:22,0.6568,0.6573,0.65662,0.65668
2023-08-09 14:30:38,0.6572,0.6577,0.65711,0.65712
2023-08-09 14:30:53,0.6574,0.6577,0.65716,0.65721
2023-08-09 14:31:08,0.6576,0.658,0.65743,0.6575
2023-08-09 14:31:23,0.6575,0.6581,0.65742,0.65758
2023-08-09 14:31:38,0.6574,0.6579,0.65746,0.65747
2023-08-09 14:31:54,0.6578,0.6584,0.65761,0.65762
2023-08-09 14:32:09,0.6576,0.6582,0.65766,0.65771
2023-08-09 14:32:24,0.6574,0.6579,0.6573,0.65739
2023-08-09 14:32:39,0.6571,0.6577,0.65715,0.6572
2023-08-09 14:32:54,0.6574,0.6582,0.65761,0.65769
2023-08-09 14:33:10,0.658,0.6585,0.65805,0.65806
2023-08-09 14:33:25,0.658,0.6584,0.65794,0.65801
2023-08-09 14:33:40,0.6584,0.659,0.65839,0.65843
2023-08-09 14:33:55,0.6584,0.6588,0.65832,0.65843
2023-08-09 14:34:10,0.6585,0.659,0.65848,0.65851
2023-08-09 14:34:26,0.6582,0.6587,0.65817,0.65818
2023-08-09 14:34:41,0.659,0.6596,0.65878,0.65879
2023-08-09 14:34:56,0.6595,0.6599,0.65924,0.65925
2023-08-09 14:35:11,0.6589,0.6592,0.65858,0.65864
2023-08-09 14:35:27,0.6586,0.6591,0.65853,0.65858
2023-08-09 14:35:42,0.6586,0.6589,0.65851,0.65852
2023-08-09 14:35:57,0.659,0.6594,0.65874,0.65885
2023-08-09 14:36:12,0.6584,0.659,0.65843,0.65848
2023-08-09 14:36:27,0.6582,0.6587,0.65814,0.65827
2023-08-09 14:36:43,0.6578,0.6584,0.65798,0.65799
2023-08-09 14:36:58,0.6579,0.6585,0.65778,0.65779
2023-08-09 14:37:13,0.6581,0.6586,0.65797,0.65807
2023-08-09 14:37:28,0.6584,0.659,0.65831,0.65839
2023-08-09 14:37:43,0.6586,0.659,0.65856,0.65857
2023-08-09 14:37:59,0.6589,0.6594,0.65882,0.65889
2023-08-09 14:38:14,0.6586,0.6592,0.65847,0.65854
2023-08-09 14:38:29,0.6587,0.6592,0.65851,0.65852
2023-08-09 14:38:44,0.6592,0.6597,0.65907,0.65911
2023-08-09 14:38:59,0.6592,0.6598,0.65909,0.65915
2023-08-09 14:39:15,0.6593,0.6598,0.65914,0.65924
2023-08-09 14:39:30,0.6589,0.6595,0.659,0.65904
2023-08-09 14:39:45,0.6589,0.6592,0.65872,0.65881
2023-08-09 14:40:00,0.659,0.6593,0.65882,0.65888
2023-08-09 14:40:15,0.6594,0.6596,0.6591,0.65918
2023-08-09 14:40:31,0.6588,0.6592,0.65852,0.65859
2023-08-09 14:40:46,0.659,0.6593,0.65872,0.65885
2023-08-09 14:41:01,0.6591,0.6595,0.65885,0.65895
2023-08-09 14:41:16,0.6588,0.6593,0.65872,0.65878
2023-08-09 14:41:31,0.6589,0.6593,0.65881,0.65886
2023-08-09 14:41:47,0.6588,0.6593,0.65871,0.65874
2023-08-09 14:42:02,0.6589,0.6593,0.65875,0.6588
2023-08-09 14:42:17,0.6588,0.6591,0.65856,0.65865
2023-08-09 14:42:32,0.6583,0.6589,0.6581,0.6582
2023-08-09 14:42:47,0.6586,0.6588,0.65832,0.65837
2023-08-09 14:43:03,0.6584,0.6586,0.6581,0.65821
2023-08-09 14:43:18,0.6582,0.6586,0.65815,0.65819
2023-08-09 14:43:33,0.6577,0.658,0.6575,0.65757
2023-08-09 14:43:48,0.6575,0.658,0.6574,0.65748
2023-08-09 14:44:03,0.6576,0.658,0.65743,0.65749
2023-08-09 14:44:19,0.6576,0.658,0.6574,0.65748
2023-08-09 14:44:34,0.657,0.6575,0.65698,0.65699
2023-08-09 14:44:49,0.6573,0.6576,0.65716,0.65727
2023-08-09 14:45:04,0.6569,0.6577,0.657,0.65701
2023-08-09 14:45:19,0.6567,0.6573,0.65667,0.65668
2023-08-09 14:45:35,0.6568,0.6574,0.65678,0.65679
2023-08-09 14:45:50,0.6568,0.6574,0.65664,0.65665
2023-08-09 14:46:05,0.6572,0.6578,0.65712,0.6572
2023-08-09 14:46:20,0.6576,0.658,0.65743,0.65749
2023-08-09 14:46:35,0.6574,0.658,0.65732,0.65741
2023-08-09 14:46:51,0.6569,0.6576,0.65688,0.65689
2023-08-09 14:47:06,0.6574,0.6579,0.65723,0.65735
2023-08-09 14:47:21,0.6578,0.6582,0.65758,0.65759
2023-08-09 14:47:36,0.6579,0.6583,0.65766,0.65777
2023-08-09 14:47:51,0.658,0.6584,0.6578,0.65788
2023-08-09 14:48:07,0.6583,0.6585,0.65799,0.658
2023-08-09 14:48:22,0.6583,0.6587,0.65812,0.65813
2023-08-09 14:48:37,0.6585,0.6588,0.65818,0.65823
2023-08-09 14:48:52,0.6583,0.6586,0.65806,0.65821
2023-08-09 14:49:07,0.6581,0.6587,0.658,0.65802
2023-08-09 14:49:23,0.6586,0.6588,0.6583,0.65841
2023-08-09 14:49:38,0.6583,0.6587,0.65794,0.65805
2023-08-09 14:49:53,0.6577,0.658,0.65738,0.65748
2023-08-09 14:50:08,0.6572,0.6575,0.6569,0.65698
2023-08-09 14:50:23,0.6575,0.6577,0.6572,0.6573
2023-08-09 14:50:39,0.6572,0.6574,0.65688,0.65695
2023-08-09 14:50:54,0.6568,0.657,0.65626,0.65639
2023-08-09 14:51:09,0.6562,0.6565,0.656,0.6561
2023-08-09 14:51:24,0.656,0.6563,0.65565,0.65579
2023-08-09 14:51:39,0.6557,0.656,0.6555,0.65551
2023-08-09 14:51:55,0.6557,0.656,0.65551,0.65557
2023-08-09 14:52:10,0.6553,0.6557,0.6553,0.65531
2023-08-09 14:52:25,0.6545,0.6547,0.65429,0.6543
2023-08-09 14:52:40,0.6549,0.6552,0.6545,0.65459
2023-08-09 14:52:56,0.6546,0.655,0.6543,0.65438
2023-08-09 14:53:11,0.6546,0.655,0.65438,0.65449
2023-08-09 14:53:26,0.6544,0.6548,0.65421,0.65427
2023-08-09 14:53:41,0.6541,0.6545,0.65383,0.65397
2023-08-09 14:53:56,0.654,0.6545,0.65381,0.65388
2023-08-09 14:54:12,0.6537,0.654,0.65356,0.65357
2023-08-09 14:54:27,0.6547,0.6549,0.65431,0.6544
2023-08-09 14:54:42,0.6541,0.6545,0.65392,0.65397
2023-08-09 14:54:57,0.6536,0.6538,0.65333,0.6534
2023-08-09 14:55:12,0.6541,0.6545,0.65396,0.65397
2023-08-09 14:55:27,0.6544,0.6546,0.654,0.65411
2023-08-09 14:55:43,0.6539,0.6542,0.65372,0.65381
2023-08-09 14:55:58,0.6531,0.6535,0.65317,0.65319
2023-08-09 14:56:13,0.6538,0.6541,0.65351,0.65361
2023-08-09 14:56:28,0.6534,0.6537,0.65307,0.65308
2023-08-09 14:56:44,0.6531,0.6533,0.65284,0.65296
2023-08-09 14:56:59,0.6532,0.6534,0.65309,0.65316
2023-08-09 14:57:14,0.6531,0.6535,0.65273,0.6529
2023-08-09 14:57:29,0.6535,0.6537,0.65316,0.6533
2023-08-09 14:57:44,0.6533,0.6535,0.65313,0.65324
2023-08-09 14:58:00,0.6534,0.6536,0.65315,0.6532
2023-08-09 14:58:15,0.6537,0.6542,0.65368,0.65369
2023-08-09 14:58:30,0.6531,0.6534,0.65301,0.65311
2023-08-09 14:58:45,0.6529,0.6532,0.65282,0.6529
2023-08-09 14:59:01,0.6524,0.6528,0.6524,0.65241
2023-08-09 14:59:16,0.6524,0.6527,0.65232,0.65241
2023-08-09 14:59:31,0.6528,0.653,0.65251,0.65252
2023-08-09 14:59:46,0.6522,0.6525,0.652,0.65201
2023-08-09 15:00:01,0.6519,0.6523,0.6522,0.65221
2023-08-09 15:00:17,0.6514,0.6518,0.65175,0.65176
2023-08-09 15:00:32,0.652,0.6524,0.65198,0.65211
2023-08-09 15:00:47,0.6521,0.6525,0.6521,0.65221
2023-08-09 15:01:02,0.6521,0.6523,0.65206,0.65217
2023-08-09 15:01:18,0.6514,0.6518,0.65139,0.6515
2023-08-09 15:01:33,0.6509,0.6512,0.65084,0.65091
2023-08-09 15:01:48,0.6512,0.6516,0.65103,0.6512
2023-08-09 15:02:03,0.6514,0.6518,0.6513,0.65135
2023-08-09 15:02:18,0.6517,0.6519,0.65153,0.65164
2023-08-09 15:02:34,0.6514,0.6516,0.65108,0.65118
2023-08-09 15:02:49,0.652,0.6523,0.652,0.65201
2023-08-09 15:03:04,0.652,0.6522,0.65186,0.65194
2023-08-09 15:03:19,0.651,0.6514,0.651,0.65101
2023-08-09 15:03:34,0.6506,0.6509,0.65058,0.65068
2023-08-09 15:03:50,0.6511,0.6515,0.65104,0.6511
2023-08-09 15:04:05,0.652,0.6523,0.65168,0.6518
2023-08-09 15:04:20,0.6515,0.6519,0.65175,0.65176
2023-08-09 15:04:35,0.6513,0.6517,0.65132,0.65139
2023-08-09 15:04:50,0.6511,0.6514,0.65109,0.65117
2023-08-09 15:05:06,0.6513,0.6518,0.6512,0.6513
2023-08-09 15:05:21,0.6519,0.6523,0.6517,0.65171
2023-08-09 15:05:36,0.6521,0.6522,0.65204,0.6521
2023-08-09 15:05:51,0.6521,0.6524,0.6521,0.65221
2023-08-09 15:06:06,0.6522,0.6524,0.65211,0.65221
2023-08-09 15:06:22,0.6525,0.6529,0.65249,0.6526
2023-08-09 15:06:37,0.6531,0.6535,0.65302,0.65311
2023-08-09 15:06:52,0.6527,0.6531,0.65261,0.65271
2023-08-09 15:07:07,0.6526,0.6529,0.65258,0.65269
2023-08-09 15:07:22,0.6526,0.6529,0.65261,0.6527
2023-08-09 15:07:38,0.6525,0.6529,0.65258,0.65266
2023-08-09 15:07:53,0.6526,0.6529,0.65265,0.65271
2023-08-09 15:08:08,0.6522,0.6525,0.65226,0.65231
2023-08-09 15:08:24,0.6524,0.6526,0.65241,0.65242
2023-08-09 15:08:39,0.6523,0.6526,0.65231,0.6524
2023-08-09 15:08:54,0.6529,0.6531,0.65276,0.6528
2023-08-09 15:09:09,0.6526,0.653,0.65272,0.6528
2023-08-09 15:09:24,0.6527,0.6532,0.65267,0.65271
2023-08-09 15:09:40,0.6525,0.6528,0.65252,0.65261
2023-08-09 15:09:55,0.6523,0.6525,0.65233,0.65249
2023-08-09 15:10:10,0.6521,0.6523,0.65215,0.65221
2023-08-09 15:10:25,0.6524,0.6526,0.65229,0.65236
2023-08-09 15:10:40,0.6524,0.6526,0.65231,0.65241
2023-08-09 15:10:56,0.6526,0.6528,0.65245,0.65246
2023-08-09 15:11:11,0.6524,0.6528,0.6524,0.65245
2023-08-09 15:11:26,0.6526,0.6529,0.6526,0.65261
2023-08-09 15:11:41,0.6531,0.6533,0.65283,0.65284
2023-08-09 15:11:56,0.6537,0.654,0.65357,0.65368
2023-08-09 15:12:12,0.6538,0.6541,0.65362,0.65371
2023-08-09 15:12:27,0.6535,0.6538,0.6534,0.6535
2023-08-09 15:12:42,0.6534,0.6539,0.65342,0.6535
2023-08-09 15:12:57,0.6526,0.6529,0.65261,0.65262
2023-08-09 15:13:12,0.6523,0.6527,0.65233,0.6524
2023-08-09 15:13:28,0.6523,0.6527,0.65228,0.65239
2023-08-09 15:13:43,0.6521,0.6525,0.652,0.6521
2023-08-09 15:13:58,0.6521,0.6524,0.65204,0.65209
2023-08-09 15:14:13,0.6517,0.652,0.65172,0.65173
2023-08-09 15:14:28,0.6519,0.6522,0.6518,0.65181
2023-08-09 15:14:44,0.652,0.6522,0.65182,0.65193
2023-08-09 15:14:59,0.6521,0.6525,0.65196,0.65199
2023-08-09 15:15:14,0.6523,0.6525,0.65216,0.65217
2023-08-09 15:15:29,0.6525,0.6528,0.65242,0.65249
2023-08-09 15:15:44,0.6526,0.6529,0.65247,0.65258
2023-08-09 15:16:00,0.6527,0.653,0.65263,0.65264
2023-08-09 15:16:15,0.6525,0.6528,0.65247,0.65259
2023-08-09 15:16:30,0.6526,0.6529,0.65261,0.65262
2023-08-09 15:16:45,0.6529,0.6532,0.65282,0.6529
2023-08-09 15:17:00,0.653,0.6533,0.65292,0.653
2023-08-09 15:17:16,0.6529,0.6533,0.65294,0.65301
2023-08-09 15:17:31,0.6529,0.6532,0.65285,0.65286
2023-08-09 15:17:46,0.6535,0.6539,0.6534,0.65341
2023-08-09 15:18:01,0.6538,0.654,0.65372,0.65381
2023-08-09 15:18:17,0.6539,0.6541,0.6539,0.654
2023-08-09 15:18:32,0.6538,0.654,0.65367,0.65378
2023-08-09 15:18:47,0.654,0.6542,0.65389,0.65401
2023-08-09 15:19:02,0.6536,0.6541,0.65353,0.6536
2023-08-09 15:19:17,0.6532,0.6535,0.65321,0.65329
2023-08-09 15:19:33,0.6533,0.6537,0.65319,0.6533
2023-08-09 15:19:48,0.6534,0.6537,0.65346,0.6536
2023-08-09 15:20:03,0.6534,0.6537,0.6535,0.65351
2023-08-09 15:20:18,0.6535,0.6538,0.6535,0.65351
2023-08-09 15:20:33,0.6532,0.6534,0.65324,0.65325
2023-08-09 15:20:49,0.6531,0.6533,0.65303,0.65311
2023-08-09 15:21:04,0.6531,0.6534,0.65301,0.65307
2023-08-09 15:21:19,0.6528,0.653,0.65271,0.6528
2023-08-09 15:21:34,0.6528,0.6531,0.65278,0.65279
2023-08-09 15:21:49,0.6528,0.6531,0.65275,0.65276
2023-08-09 15:22:05,0.653,0.6532,0.65294,0.65301
2023-08-09 15:22:20,0.6525,0.6527,0.6524,0.65251
2023-08-09 15:22:35,0.6523,0.6527,0.65219,0.65224
2023-08-09 15:22:50,0.6522,0.6524,0.65218,0.6523
2023-08-09 15:23:05,0.6524,0.6526,0.65231,0.65241
2023-08-09 15:23:21,0.6521,0.6523,0.65191,0.65201
2023-08-09 15:23:36,0.652,0.6522,0.65191,0.65198
2023-08-09 15:23:51,0.6517,0.652,0.65176,0.65177
2023-08-09 15:24:06,0.6514,0.6517,0.6515,0.65151
2023-08-09 15:24:21,0.6516,0.6518,0.65134,0.6514
2023-08-09 15:24:37,0.6514,0.6516,0.65121,0.65131
2023-08-09 15:24:52,0.6515,0.6517,0.6514,0.65149
2023-08-09 15:25:07,0.6516,0.6518,0.6515,0.65161
2023-08-09 15:25:22,0.6516,0.6518,0.6515,0.65156
2023-08-09 15:25:37,0.6518,0.6521,0.65169,0.65176
2023-08-09 15:25:53,0.6516,0.652,0.65158,0.65159
2023-08-09 15:26:08,0.6516,0.652,0.65159,0.6516
2023-08-09 15:26:23,0.6512,0.6514,0.65121,0.65126
2023-08-09 15:26:38,0.6511,0.6513,0.6511,0.65111
2023-08-09 15:26:53,0.6509,0.6512,0.65087,0.65088
2023-08-09 15:27:08,0.6513,0.6515,0.65117,0.6513
2023-08-09 15:27:24,0.651,0.6512,0.65091,0.651
2023-08-09 15:27:39,0.6509,0.6512,0.65086,0.65096
2023-08-09 15:27:54,0.6513,0.6515,0.65129,0.65136
2023-08-09 15:28:10,0.6514,0.6517,0.6514,0.65148
2023-08-09 15:28:25,0.6516,0.6519,0.6515,0.65151
2023-08-09 15:28:40,0.6517,0.652,0.65172,0.65177
2023-08-09 15:28:55,0.6517,0.6519,0.65158,0.65168
2023-08-09 15:29:10,0.6517,0.6519,0.65164,0.65165
2023-08-09 15:29:25,0.6515,0.6519,0.65151,0.65154
2023-08-09 15:29:41,0.6517,0.6519,0.65159,0.65165
2023-08-09 15:29:56,0.6519,0.6521,0.65173,0.65188
2023-08-09 15:30:11,0.6517,0.652,0.65163,0.65164
2023-08-09 15:30:26,0.6518,0.652,0.65162,0.65168
2023-08-09 15:30:41,0.6513,0.6516,0.65121,0.65129
2023-08-09 15:30:57,0.6515,0.6518,0.65148,0.65152
2023-08-09 15:31:12,0.651,0.6513,0.651,0.65101
2023-08-09 15:31:27,0.6514,0.6519,0.6514,0.65151
2023-08-09 15:31:42,0.6518,0.6522,0.65184,0.65185
2023-08-09 15:31:57,0.652,0.6523,0.65184,0.65185
2023-08-09 15:32:13,0.6511,0.6514,0.65115,0.65126
2023-08-09 15:32:28,0.6508,0.651,0.65076,0.65078
2023-08-09 15:32:43,0.6512,0.6514,0.6512,0.65129
2023-08-09 15:32:58,0.6517,0.6519,0.65142,0.65151
2023-08-09 15:33:14,0.6512,0.6514,0.65109,0.65116
2023-08-09 15:33:29,0.6507,0.6509,0.65067,0.65077
2023-08-09 15:33:44,0.6512,0.6515,0.65103,0.65109
2023-08-09 15:33:59,0.6511,0.6513,0.65113,0.65115
2023-08-09 15:34:14,0.6514,0.6516,0.65118,0.65125
2023-08-09 15:34:30,0.6517,0.6519,0.65153,0.6516
2023-08-09 15:34:45,0.6519,0.6522,0.65171,0.65181
2023-08-09 15:35:00,0.652,0.6523,0.65181,0.65189
2023-08-09 15:35:15,0.6519,0.6523,0.65179,0.65189
2023-08-09 15:35:30,0.6526,0.6529,0.65229,0.65236
2023-08-09 15:35:46,0.6529,0.6533,0.6527,0.65278
2023-08-09 15:36:01,0.653,0.6533,0.65276,0.65277
2023-08-09 15:36:16,0.6531,0.6534,0.65289,0.6529
2023-08-09 15:36:31,0.6529,0.6534,0.65286,0.65296
2023-08-09 15:36:46,0.6531,0.6535,0.65321,0.65327
2023-08-09 15:37:02,0.6534,0.6538,0.65328,0.65333
2023-08-09 15:37:17,0.6539,0.6544,0.65388,0.65392
2023-08-09 15:37:32,0.6535,0.654,0.65354,0.65355
2023-08-09 15:37:47,0.654,0.6544,0.65394,0.65395
2023-08-09 15:38:02,0.6541,0.6544,0.65387,0.65391
2023-08-09 15:38:17,0.654,0.6544,0.65385,0.65386
2023-08-09 15:38:33,0.6541,0.6545,0.65398,0.65403
2023-08-09 15:38:48,0.6543,0.6546,0.65411,0.65421
2023-08-09 15:39:03,0.6544,0.6546,0.65413,0.65422
2023-08-09 15:39:18,0.6548,0.6551,0.65461,0.65471
2023-08-09 15:39:34,0.6543,0.6545,0.65412,0.65421
2023-08-09 15:39:49,0.6545,0.6548,0.65427,0.65428
2023-08-09 15:40:04,0.6543,0.6548,0.65438,0.65447
2023-08-09 15:40:19,0.6539,0.6542,0.65384,0.65397
2023-08-09 15:40:34,0.6537,0.654,0.65362,0.65369
2023-08-09 15:40:50,0.6537,0.6539,0.6536,0.65365
2023-08-09 15:41:05,0.6543,0.6545,0.65415,0.65423
2023-08-09 15:41:20,0.6545,0.6547,0.65435,0.65441
2023-08-09 15:41:35,0.6544,0.6547,0.6543,0.65437
2023-08-09 15:41:50,0.6547,0.6551,0.65469,0.65477
2023-08-09 15:42:05,0.6544,0.6548,0.65453,0.65457
2023-08-09 15:42:21,0.6545,0.6548,0.65443,0.65452
2023-08-09 15:42:36,0.6548,0.6551,0.65469,0.65478
2023-08-09 15:42:51,0.6547,0.655,0.65471,0.65474
2023-08-09 15:43:06,0.6546,0.6549,0.65457,0.65463
2023-08-09 15:43:21,0.6546,0.6549,0.65453,0.6546
2023-08-09 15:43:37,0.655,0.6553,0.65479,0.6548
2023-08-09 15:43:52,0.6551,0.6553,0.65496,0.65497
2023-08-09 15:44:07,0.6551,0.6553,0.65502,0.6551
2023-08-09 15:44:22,0.6554,0.6557,0.65536,0.65545
2023-08-09 15:44:37,0.6553,0.6556,0.65526,0.65533
2023-08-09 15:44:53,0.6548,0.6551,0.65483,0.65489
2023-08-09 15:45:08,0.6546,0.6547,0.65465,0.6547
2023-08-09 15:45:23,0.6543,0.6545,0.65417,0.6542
2023-08-09 15:45:38,0.6548,0.6552,0.65473,0.65474
2023-08-09 15:45:53,0.6552,0.6554,0.65512,0.65513
2023-08-09 15:46:09,0.6552,0.6555,0.65508,0.65509
2023-08-09 15:46:24,0.6555,0.6558,0.65546,0.65551
2023-08-09 15:46:39,0.6558,0.656,0.65572,0.65573
2023-08-09 15:46:54,0.6556,0.6562,0.65558,0.65559
2023-08-09 15:47:09,0.6552,0.6556,0.65523,0.65527
2023-08-09 15:47:25,0.6551,0.6554,0.65505,0.65509
2023-08-09 15:47:40,0.655,0.6552,0.65492,0.65494
2023-08-09 15:47:55,0.655,0.6552,0.65495,0.65499
2023-08-09 15:48:10,0.6547,0.6549,0.65468,0.65476
2023-08-09 15:48:25,0.6547,0.6551,0.65473,0.65475
2023-08-09 15:48:41,0.6549,0.6551,0.65474,0.65482
2023-08-09 15:48:56,0.6549,0.6552,0.65497,0.65498
2023-08-09 15:49:11,0.6549,0.6552,0.65484,0.65492
2023-08-09 15:49:26,0.6549,0.6552,0.65491,0.65497
2023-08-09 15:49:41,0.6553,0.6554,0.65511,0.65515
2023-08-09 15:49:57,0.6555,0.6558,0.65538,0.65543
2023-08-09 15:50:12,0.6554,0.6556,0.6552,0.65529
2023-08-09 15:50:27,0.6555,0.6558,0.65534,0.65542
2023-08-09 15:50:42,0.6552,0.6554,0.65509,0.65519
2023-08-09 15:50:57,0.6556,0.6558,0.65535,0.6555
2023-08-09 15:51:13,0.6561,0.6565,0.65601,0.65602
2023-08-09 15:51:28,0.6564,0.6567,0.65629,0.65636
2023-08-09 15:51:43,0.6566,0.6568,0.65669,0.65676
2023-08-09 15:51:58,0.6569,0.6571,0.65683,0.65689
2023-08-09 15:52:13,0.6563,0.6565,0.65635,0.65636
2023-08-09 15:52:29,0.6561,0.6563,0.65596,0.65607
2023-08-09 15:52:44,0.6566,0.6568,0.65639,0.65647
2023-08-09 15:52:59,0.6563,0.6565,0.65623,0.65637
2023-08-09 15:53:14,0.6559,0.6562,0.65578,0.65586
2023-08-09 15:53:30,0.6555,0.6557,0.65545,0.65556
2023-08-09 15:53:45,0.6554,0.6556,0.65551,0.65559
2023-08-09 15:54:00,0.6553,0.6555,0.65531,0.65539
2023-08-09 15:54:15,0.6553,0.6557,0.65514,0.65526
2023-08-09 15:54:30,0.6554,0.6557,0.65546,0.65549
2023-08-09 15:54:46,0.6553,0.6556,0.65523,0.65532
2023-08-09 15:55:01,0.6553,0.6556,0.65525,0.65541
2023-08-09 15:55:16,0.6557,0.6561,0.65561,0.6557
2023-08-09 15:55:31,0.6555,0.6556,0.65549,0.65555
2023-08-09 15:55:46,0.6555,0.6557,0.65543,0.65549
2023-08-09 15:56:02,0.6555,0.6557,0.65549,0.65555
2023-08-09 15:56:17,0.6552,0.6554,0.65521,0.65525
2023-08-09 15:56:32,0.655,0.6553,0.65507,0.65515
2023-08-09 15:56:47,0.655,0.6552,0.65501,0.65511
2023-08-09 15:57:02,0.6546,0.6549,0.65466,0.65475
2023-08-09 15:57:18,0.6548,0.655,0.65468,0.65479
2023-08-09 15:57:33,0.6547,0.6552,0.65496,0.65497
2023-08-09 15:57:48,0.6545,0.6548,0.65466,0.65467
2023-08-09 15:58:03,0.6544,0.6548,0.65459,0.6547
2023-08-09 15:58:19,0.6544,0.6547,0.65445,0.65453
2023-08-09 15:58:34,0.6544,0.6546,0.65447,0.65451
2023-08-09 15:58:49,0.6542,0.6547,0.65433,0.65446
2023-08-09 15:59:04,0.6544,0.6549,0.6546,0.65461
2023-08-09 15:59:19,0.6544,0.6548,0.65452,0.65457
2023-08-09 15:59:35,0.6544,0.6548,0.65451,0.65461
2023-08-09 15:59:50,0.654,0.6543,0.65425,0.65426
2023-08-09 16:00:05,0.654,0.6543,0.65411,0.65419
2023-08-09 16:00:20,0.6542,0.6545,0.6542,0.65421
2023-08-09 16:00:35,0.6542,0.6545,0.65431,0.65432
2023-08-09 16:00:51,0.6543,0.6545,0.6543,0.65431
2023-08-09 16:01:06,0.6544,0.6546,0.6544,0.65441
2023-08-09 16:01:21,0.6544,0.6546,0.65444,0.6545
2023-08-09 16:01:36,0.6544,0.6547,0.65451,0.65452
2023-08-09 16:01:51,0.6538,0.6542,0.654,0.65401
2023-08-09 16:02:07,0.6537,0.654,0.65367,0.6538
2023-08-09 16:02:22,0.6544,0.6546,0.65442,0.6545
2023-08-09 16:02:37,0.6543,0.6545,0.65426,0.65431
2023-08-09 16:02:52,0.6548,0.655,0.65462,0.65463
2023-08-09 16:03:07,0.6549,0.6551,0.65489,0.6549
2023-08-09 16:03:23,0.6553,0.6555,0.6553,0.65531
2023-08-09 16:03:38,0.6552,0.6554,0.6552,0.65521
2023-08-09 16:03:53,0.6547,0.655,0.6547,0.65479
2023-08-09 16:04:08,0.6546,0.6549,0.6547,0.65476
2023-08-09 16:04:23,0.6547,0.6551,0.65477,0.65478
2023-08-09 16:04:39,0.6548,0.6551,0.65489,0.65496
2023-08-09 16:04:54,0.6545,0.6549,0.65484,0.65488
2023-08-09 16:05:09,0.6545,0.6547,0.65464,0.65465
2023-08-09 16:05:24,0.654,0.6544,0.65427,0.65437
2023-08-09 16:05:39,0.6539,0.6541,0.65389,0.65395
2023-08-09 16:05:55,0.6534,0.6537,0.65355,0.65356
2023-08-09 16:06:10,0.6536,0.6539,0.65359,0.65369
2023-08-09 16:06:25,0.6536,0.654,0.65358,0.65361
2023-08-09 16:06:40,0.6536,0.6537,0.65348,0.65351
2023-08-09 16:06:55,0.6532,0.6534,0.65306,0.6532
2023-08-09 16:07:11,0.6531,0.6535,0.65309,0.6531
2023-08-09 16:07:26,0.6535,0.6539,0.65352,0.65354
2023-08-09 16:07:41,0.6531,0.6533,0.65304,0.6531
2023-08-09 16:07:56,0.6531,0.6533,0.65311,0.65318
2023-08-09 16:08:11,0.653,0.6532,0.65294,0.65301
2023-08-09 16:08:27,0.6526,0.6529,0.65276,0.65286
2023-08-09 16:08:42,0.6531,0.6533,0.65312,0.65313
2023-08-09 16:08:57,0.6531,0.6534,0.65312,0.65313
2023-08-09 16:09:12,0.6535,0.6538,0.65353,0.6536
2023-08-09 16:09:28,0.6538,0.6541,0.65384,0.65397
2023-08-09 16:09:43,0.6538,0.6541,0.65386,0.65391
2023-08-09 16:09:58,0.6541,0.6542,0.65407,0.65408
2023-08-09 16:10:13,0.6546,0.6547,0.6546,0.65469
2023-08-09 16:10:28,0.6546,0.6548,0.65455,0.65457
2023-08-09 16:10:43,0.6544,0.6546,0.65454,0.65457
2023-08-09 16:10:59,0.6543,0.6546,0.65433,0.65442
2023-08-09 16:11:14,0.6547,0.6549,0.65456,0.65457
2023-08-09 16:11:29,0.6545,0.6547,0.65459,0.65466
2023-08-09 16:11:44,0.6543,0.6546,0.65433,0.65438
2023-08-09 16:11:59,0.6541,0.6543,0.6542,0.65421
2023-08-09 16:12:15,0.6541,0.6543,0.65415,0.65421
2023-08-09 16:12:30,0.6543,0.6544,0.65429,0.6543
2023-08-09 16:12:45,0.6546,0.6547,0.6546,0.65466
2023-08-09 16:13:00,0.6546,0.6548,0.6546,0.65461
2023-08-09 16:13:16,0.6544,0.6546,0.6545,0.65456
2023-08-09 16:13:31,0.6543,0.6545,0.65442,0.65448
2023-08-09 16:13:46,0.6544,0.6546,0.65452,0.65457
2023-08-09 16:14:01,0.6544,0.6546,0.65449,0.6545
2023-08-09 16:14:16,0.6544,0.6546,0.65452,0.65456
2023-08-09 16:14:31,0.6544,0.6547,0.6545,0.65451
2023-08-09 16:14:47,0.6546,0.6548,0.6545,0.65451
2023-08-09 16:15:02,0.6546,0.6548,0.65476,0.65487
2023-08-09 16:15:17,0.6546,0.6548,0.6546,0.65461
2023-08-09 16:15:32,0.6546,0.6548,0.65457,0.65461
2023-08-09 16:15:47,0.6545,0.6548,0.65451,0.65459
2023-08-09 16:16:03,0.655,0.6552,0.65496,0.65508
2023-08-09 16:16:18,0.6547,0.6549,0.65474,0.65477
2023-08-09 16:16:33,0.6547,0.6549,0.65476,0.65478
2023-08-09 16:16:48,0.6549,0.6551,0.65475,0.6548
2023-08-09 16:17:03,0.6548,0.6552,0.65508,0.65509
2023-08-09 16:17:19,0.6546,0.6548,0.65451,0.65452
2023-08-09 16:17:34,0.6542,0.6544,0.65414,0.65415
2023-08-09 16:17:49,0.6541,0.6544,0.65401,0.65408
2023-08-09 16:18:04,0.6541,0.6544,0.654,0.65401
2023-08-09 16:18:19,0.6543,0.6545,0.6541,0.65411
2023-08-09 16:18:35,0.6546,0.6547,0.65441,0.65449
2023-08-09 16:18:50,0.6543,0.6546,0.65435,0.65439
2023-08-09 16:19:05,0.6545,0.6547,0.65435,0.65436
2023-08-09 16:19:20,0.6544,0.6546,0.65427,0.65436
2023-08-09 16:19:35,0.6546,0.6548,0.65431,0.65435
2023-08-09 16:19:51,0.6545,0.6547,0.6544,0.65441
2023-08-09 16:20:06,0.6544,0.6546,0.65426,0.65428
2023-08-09 16:20:21,0.6541,0.6543,0.65426,0.65427
2023-08-09 16:20:36,0.6543,0.6545,0.65409,0.65421
2023-08-09 16:20:51,0.6546,0.6549,0.65456,0.65457
2023-08-09 16:21:07,0.6551,0.6554,0.65493,0.65494
2023-08-09 16:21:22,0.6553,0.6555,0.65518,0.65524
2023-08-09 16:21:37,0.6551,0.6553,0.65497,0.65498
2023-08-09 16:21:52,0.6556,0.6558,0.65539,0.6554
2023-08-09 16:22:08,0.6557,0.656,0.65559,0.6556
2023-08-09 16:22:23,0.6567,0.6569,0.65648,0.6566
2023-08-09 16:22:38,0.6564,0.6568,0.65635,0.65637
2023-08-09 16:22:53,0.6564,0.6567,0.65635,0.65636
2023-08-09 16:23:08,0.6565,0.6567,0.65628,0.65637
2023-08-09 16:23:24,0.6566,0.6567,0.65643,0.65651
2023-08-09 16:23:39,0.6565,0.6567,0.65636,0.6564
2023-08-09 16:23:54,0.6568,0.6571,0.65668,0.65679
2023-08-09 16:24:09,0.657,0.6572,0.65674,0.65681
2023-08-09 16:24:24,0.6569,0.6572,0.65661,0.65668
2023-08-09 16:24:40,0.657,0.6573,0.65677,0.65678
2023-08-09 16:24:55,0.6568,0.6571,0.65674,0.65675
2023-08-09 16:25:10,0.6562,0.6565,0.65612,0.65615
2023-08-09 16:25:25,0.6563,0.6567,0.6562,0.65621
2023-08-09 16:25:40,0.6561,0.6563,0.656,0.65607
2023-08-09 16:25:56,0.656,0.6562,0.6559,0.65591
2023-08-09 16:26:11,0.6565,0.6567,0.65638,0.65649
2023-08-09 16:26:26,0.6572,0.6574,0.65692,0.65698
2023-08-09 16:26:41,0.6562,0.6565,0.65614,0.65629
2023-08-09 16:26:56,0.6565,0.6567,0.65637,0.65639
2023-08-09 16:27:12,0.6562,0.6565,0.65627,0.65628
2023-08-09 16:27:27,0.656,0.6562,0.65602,0.65603
2023-08-09 16:27:42,0.6559,0.6562,0.65592,0.65601
2023-08-09 16:27:57,0.6565,0.6568,0.65622,0.65631
2023-08-09 16:28:12,0.6563,0.6565,0.65626,0.65627
2023-08-09 16:28:28,0.6563,0.6566,0.65598,0.65603
2023-08-09 16:28:43,0.6564,0.6566,0.65626,0.65627
2023-08-09 16:28:58,0.6564,0.6566,0.65629,0.65633
2023-08-09 16:29:13,0.6567,0.6569,0.6564,0.65641
2023-08-09 16:29:28,0.6572,0.6574,0.65712,0.65713
2023-08-09 16:29:44,0.6572,0.6575,0.65712,0.65713
2023-08-09 16:29:59,0.6571,0.6573,0.65703,0.65707
2023-08-09 16:30:14,0.656,0.6563,0.65595,0.656
2023-08-09 16:30:29,0.6561,0.6564,0.65602,0.65615
2023-08-09 16:30:44,0.6554,0.6556,0.65509,0.6551
2023-08-09 16:31:00,0.6552,0.6554,0.65521,0.65526
2023-08-09 16:31:15,0.6548,0.655,0.65473,0.65474
2023-08-09 16:31:30,0.6545,0.6546,0.6544,0.6545
2023-08-09 16:31:45,0.6545,0.6549,0.6545,0.65461
2023-08-09 16:32:00,0.6549,0.6553,0.65492,0.65497
2023-08-09 16:32:16,0.6549,0.6552,0.65494,0.65501
2023-08-09 16:32:31,0.655,0.6553,0.65507,0.65517
2023-08-09 16:32:46,0.655,0.6553,0.6551,0.65511
2023-08-09 16:33:01,0.6552,0.6555,0.65524,0.65531
2023-08-09 16:33:16,0.6551,0.6555,0.65532,0.65538
2023-08-09 16:33:32,0.6554,0.6557,0.65541,0.6555
2023-08-09 16:33:47,0.656,0.6561,0.65592,0.65601
2023-08-09 16:34:02,0.6556,0.6559,0.65559,0.6557
2023-08-09 16:34:17,0.6555,0.6559,0.65561,0.65569
2023-08-09 16:34:32,0.655,0.6553,0.65533,0.65534
2023-08-09 16:34:48,0.6548,0.6552,0.65512,0.65513
2023-08-09 16:35:03,0.6549,0.6553,0.65521,0.6553
2023-08-09 16:35:18,0.6546,0.6549,0.65475,0.65476
2023-08-09 16:35:33,0.6543,0.6546,0.6545,0.6546
2023-08-09 16:35:48,0.6544,0.6547,0.65465,0.6548
2023-08-09 16:36:03,0.6544,0.6546,0.6545,0.6546
2023-08-09 16:36:19,0.6538,0.6541,0.65415,0.65416
2023-08-09 16:36:34,0.6541,0.6544,0.65416,0.65429
2023-08-09 16:36:49,0.6544,0.6547,0.65447,0.65459
2023-08-09 16:37:04,0.6552,0.6554,0.65526,0.65539
2023-08-09 16:37:19,0.6544,0.6548,0.65469,0.65475
2023-08-09 16:37:35,0.6541,0.6543,0.65416,0.65426
2023-08-09 16:37:50,0.6534,0.6537,0.65375,0.65376
2023-08-09 16:38:05,0.6516,0.6519,0.6518,0.65184
2023-08-09 16:38:20,0.6505,0.6508,0.65151,0.6516
2023-08-09 16:38:35,0.6512,0.6514,0.65127,0.65128
2023-08-09 16:38:51,0.6515,0.6518,0.65146,0.65152
2023-08-09 16:39:06,0.6514,0.6517,0.6512,0.65131
2023-08-09 16:39:21,0.652,0.6524,0.6519,0.652
2023-08-09 16:39:36,0.6525,0.6528,0.65254,0.6526
2023-08-09 16:39:51,0.6517,0.652,0.65198,0.652
2023-08-09 16:40:07,0.6505,0.6509,0.65071,0.65072
2023-08-09 16:40:22,0.6489,0.6495,0.64946,0.64962
2023-08-09 16:40:37,0.6494,0.6498,0.64967,0.64972
2023-08-09 16:40:52,0.6487,0.649,0.64917,0.64918
2023-08-09 16:41:07,0.6493,0.6497,0.64958,0.64962
2023-08-09 16:41:23,0.6498,0.6502,0.65001,0.65007
2023-08-09 16:41:38,0.6504,0.6507,0.65065,0.65071
2023-08-09 16:41:53,0.6511,0.6514,0.65125,0.65131
2023-08-09 16:42:08,0.6507,0.651,0.6508,0.65081
2023-08-09 16:42:23,0.6507,0.651,0.6509,0.65091
2023-08-09 16:42:38,0.6507,0.651,0.65075,0.65081
2023-08-09 16:42:54,0.6502,0.6505,0.65029,0.65035
2023-08-09 16:43:09,0.65,0.6502,0.65007,0.65008
2023-08-09 16:43:24,0.6496,0.6499,0.64971,0.64972
2023-08-09 16:43:39,0.6494,0.6498,0.64971,0.64972
2023-08-09 16:43:55,0.6491,0.6494,0.6493,0.64931
2023-08-09 16:44:10,0.6487,0.6489,0.64883,0.64884
2023-08-09 16:44:25,0.6495,0.6498,0.64971,0.64972
2023-08-09 16:44:40,0.6501,0.6504,0.65022,0.65031
2023-08-09 16:44:55,0.6505,0.6509,0.65089,0.65095
2023-08-09 16:45:11,0.6496,0.6501,0.65001,0.65011
2023-08-09 16:45:26,0.6501,0.6505,0.65046,0.65051
2023-08-09 16:45:41,0.6512,0.6516,0.65143,0.65148
2023-08-09 16:45:56,0.6512,0.6515,0.65133,0.6514
2023-08-09 16:46:11,0.651,0.6513,0.65087,0.65089
2023-08-09 16:46:27,0.6513,0.6515,0.6515,0.65156
2023-08-09 16:46:42,0.6524,0.6528,0.65269,0.65278
2023-08-09 16:46:57,0.6532,0.6535,0.65362,0.65367
2023-08-09 16:47:12,0.6522,0.6526,0.65257,0.65271
2023-08-09 16:47:27,0.6525,0.6528,0.65255,0.65267
2023-08-09 16:47:43,0.6522,0.6525,0.65227,0.65228
2023-08-09 16:47:58,0.6522,0.6525,0.65231,0.65241
2023-08-09 16:48:13,0.6522,0.6524,0.6522,0.6523
2023-08-09 16:48:28,0.6528,0.653,0.65291,0.653
2023-08-09 16:48:43,0.6522,0.6525,0.65236,0.65247
2023-08-09 16:48:59,0.6524,0.6526,0.65237,0.65242
2023-08-09 16:49:14,0.6524,0.6526,0.65245,0.6525
2023-08-09 16:49:29,0.6512,0.6515,0.65154,0.65155
2023-08-09 16:49:44,0.6507,0.6509,0.65074,0.65077
2023-08-09 16:49:59,0.6506,0.6508,0.65047,0.65055
2023-08-09 16:50:15,0.6509,0.6512,0.65096,0.65101
2023-08-09 16:50:30,0.6511,0.6514,0.65108,0.65117
2023-08-09 16:50:45,0.6511,0.6514,0.65106,0.65117
2023-08-09 16:51:00,0.6515,0.6518,0.65155,0.65158
2023-08-09 16:51:15,0.6517,0.6519,0.65156,0.65159
2023-08-09 16:51:31,0.6518,0.6522,0.65203,0.65209
2023-08-09 16:51:46,0.6517,0.652,0.65176,0.65188
2023-08-09 16:52:01,0.6518,0.6522,0.6521,0.65211
2023-08-09 16:52:16,0.6518,0.652,0.65176,0.65186
2023-08-09 16:52:31,0.6514,0.6517,0.65154,0.65169
2023-08-09 16:52:47,0.6516,0.6519,0.65162,0.6517
2023-08-09 16:53:02,0.6512,0.6515,0.65125,0.6513
2023-08-09 16:53:17,0.6511,0.6513,0.6512,0.65129
2023-08-09 16:53:32,0.6514,0.6518,0.65155,0.65159
2023-08-09 16:53:47,0.6514,0.6518,0.65147,0.65159
2023-08-09 16:54:03,0.6511,0.6514,0.65108,0.65119
2023-08-09 16:54:18,0.6511,0.6515,0.65127,0.65128
2023-08-09 16:54:33,0.6511,0.6513,0.65098,0.6511
2023-08-09 16:54:48,0.6511,0.6514,0.65125,0.65131
2023-08-09 16:55:03,0.6516,0.652,0.65169,0.65174
2023-08-09 16:55:19,0.6512,0.6515,0.65122,0.65129
2023-08-09 16:55:34,0.6513,0.6516,0.65126,0.6514
2023-08-09 16:55:49,0.6512,0.6515,0.6512,0.6513
2023-08-09 16:56:04,0.6515,0.6516,0.65154,0.65159
2023-08-09 16:56:19,0.6515,0.6517,0.65142,0.65149
2023-08-09 16:56:35,0.6511,0.6515,0.65119,0.65127
2023-08-09 16:56:50,0.6512,0.6515,0.65124,0.6513
2023-08-09 16:57:05,0.6512,0.6515,0.65123,0.65129
2023-08-09 16:57:20,0.6504,0.6506,0.65054,0.65058
2023-08-09 16:57:35,0.6505,0.6507,0.65046,0.65059
2023-08-09 16:57:51,0.6515,0.6518,0.6514,0.65141
2023-08-09 16:58:06,0.6511,0.6513,0.65108,0.6512
2023-08-09 16:58:21,0.6505,0.6507,0.65067,0.65071
2023-08-09 16:58:36,0.6509,0.6512,0.65104,0.6511
2023-08-09 16:58:51,0.651,0.6512,0.65088,0.65099
2023-08-09 16:59:07,0.6507,0.651,0.65089,0.651
2023-08-09 16:59:22,0.6507,0.651,0.65098,0.65109
2023-08-09 16:59:37,0.651,0.6512,0.65103,0.65109
2023-08-09 16:59:52,0.651,0.6514,0.6512,0.65129
2023-08-09 17:00:07,0.6512,0.6516,0.65133,0.65147
2023-08-09 17:00:23,0.6516,0.652,0.6518,0.65188
2023-08-09 17:00:38,0.6512,0.6516,0.65155,0.6517
2023-08-09 17:00:53,0.6515,0.6518,0.6518,0.65189
2023-08-09 17:01:08,0.652,0.6523,0.65212,0.65213
2023-08-09 17:01:23,0.6524,0.6527,0.65255,0.65263
2023-08-09 17:01:39,0.6528,0.6532,0.65309,0.6531
2023-08-09 17:01:54,0.653,0.6533,0.65303,0.65311
2023-08-09 17:02:09,0.6525,0.6528,0.65243,0.65251
2023-08-09 17:02:24,0.6529,0.6532,0.6529,0.65301
2023-08-09 17:02:39,0.6527,0.6529,0.65276,0.65277
2023-08-09 17:02:55,0.6523,0.6526,0.65227,0.6523
2023-08-09 17:03:10,0.6521,0.6523,0.65229,0.65231
2023-08-09 17:03:25,0.6514,0.6517,0.6515,0.65161
2023-08-09 17:03:40,0.6519,0.6523,0.65201,0.65208
2023-08-09 17:03:55,0.6515,0.6518,0.65147,0.65158
2023-08-09 17:04:11,0.652,0.6523,0.65198,0.65208
2023-08-09 17:04:26,0.6519,0.6522,0.65198,0.65209
2023-08-09 17:04:41,0.6519,0.6521,0.65186,0.65197
2023-08-09 17:04:56,0.6523,0.6525,0.6523,0.6524
2023-08-09 17:05:11,0.6526,0.6529,0.65261,0.65269
2023-08-09 17:05:26,0.6523,0.6525,0.65238,0.65241
2023-08-09 17:05:42,0.6528,0.653,0.65264,0.65271
2023-08-09 17:05:57,0.6515,0.6518,0.65157,0.65161
2023-08-09 17:06:12,0.6517,0.6519,0.65169,0.65176
2023-08-09 17:06:27,0.6515,0.6517,0.65169,0.65177
2023-08-09 17:06:42,0.6514,0.6517,0.65166,0.65167
2023-08-09 17:06:58,0.6513,0.6516,0.65166,0.65167
2023-08-09 17:07:13,0.6518,0.6521,0.65178,0.65185
2023-08-09 17:07:28,0.6519,0.6521,0.65204,0.65207
2023-08-09 17:07:43,0.6518,0.652,0.65192,0.65194
2023-08-09 17:07:58,0.6519,0.6521,0.65195,0.652
2023-08-09 17:08:14,0.6517,0.6519,0.65182,0.65191
2023-08-09 17:08:29,0.6516,0.6518,0.65173,0.6518
2023-08-09 17:08:44,0.6517,0.6519,0.6518,0.65181
2023-08-09 17:08:59,0.6514,0.6516,0.65167,0.65168
2023-08-09 17:09:14,0.6514,0.6516,0.6515,0.65151
2023-08-09 17:09:30,0.6513,0.6515,0.65144,0.65149
2023-08-09 17:09:45,0.6508,0.651,0.65087,0.65091
2023-08-09 17:10:00,0.6507,0.6509,0.65089,0.65096
2023-08-09 17:10:15,0.6504,0.6506,0.65074,0.65075
2023-08-09 17:10:30,0.6501,0.6504,0.6504,0.65041
2023-08-09 17:10:46,0.65,0.6503,0.65021,0.65031
2023-08-09 17:11:01,0.65,0.6502,0.6501,0.65019
2023-08-09 17:11:16,0.6501,0.6503,0.65039,0.6504
2023-08-09 17:11:31,0.6503,0.6506,0.6505,0.65056
2023-08-09 17:11:46,0.6505,0.6507,0.65063,0.6507
2023-08-09 17:12:02,0.6506,0.6508,0.65076,0.65086
2023-08-09 17:12:17,0.6513,0.6515,0.65129,0.65136
2023-08-09 17:12:32,0.6512,0.6514,0.65145,0.6515
2023-08-09 17:12:47,0.6513,0.6515,0.65136,0.65137
2023-08-09 17:13:02,0.6514,0.6517,0.65164,0.65171
2023-08-09 17:13:17,0.6512,0.6515,0.65144,0.65148
2023-08-09 17:13:33,0.6515,0.6517,0.65162,0.65171
2023-08-09 17:13:48,0.6516,0.6518,0.65158,0.65168
2023-08-09 17:14:03,0.6513,0.6515,0.6515,0.6516
2023-08-09 17:14:18,0.6512,0.6514,0.65131,0.65137
2023-08-09 17:14:33,0.6512,0.6514,0.65137,0.65143
2023-08-09 17:14:49,0.6512,0.6513,0.65118,0.6513
2023-08-09 17:15:04,0.6515,0.6517,0.65155,0.65162
2023-08-09 17:15:19,0.6513,0.6515,0.65138,0.65145
2023-08-09 17:15:34,0.6513,0.6516,0.65156,0.65157
2023-08-09 17:15:49,0.6515,0.6517,0.65165,0.65169
2023-08-09 17:16:05,0.6514,0.6516,0.6514,0.65151
2023-08-09 17:16:20,0.6513,0.6516,0.65142,0.6515
2023-08-09 17:16:35,0.6512,0.6514,0.65144,0.6515
2023-08-09 17:16:50,0.6514,0.6516,0.65141,0.65143
2023-08-09 17:17:05,0.6514,0.6517,0.65159,0.6516
2023-08-09 17:17:21,0.6513,0.6515,0.65143,0.65147
2023-08-09 17:17:36,0.6512,0.6514,0.65141,0.65144
2023-08-09 17:17:51,0.6513,0.6515,0.65143,0.65146
2023-08-09 17:18:06,0.6512,0.6514,0.6513,0.65131
2023-08-09 17:18:21,0.6511,0.6513,0.65124,0.65125
2023-08-09 17:18:37,0.6502,0.6504,0.65036,0.65043
2023-08-09 17:18:52,0.6499,0.6502,0.65,0.65011
2023-08-09 17:19:07,0.6499,0.6501,0.65,0.65005
2023-08-09 17:19:22,0.6493,0.6494,0.64934,0.64942
2023-08-09 17:19:37,0.6504,0.6506,0.65056,0.6506
2023-08-09 17:19:53,0.6503,0.6506,0.65055,0.65056
2023-08-09 17:20:08,0.6503,0.6505,0.65036,0.65041
2023-08-09 17:20:23,0.6502,0.6504,0.65032,0.65037
2023-08-09 17:20:38,0.6508,0.651,0.65071,0.65072
2023-08-09 17:20:53,0.6509,0.6511,0.651,0.65101
2023-08-09 17:21:09,0.6512,0.6514,0.65129,0.65139
2023-08-09 17:21:24,0.6511,0.6513,0.65117,0.65126
2023-08-09 17:21:39,0.651,0.6513,0.65125,0.65136
2023-08-09 17:21:54,0.651,0.6513,0.65119,0.6512
2023-08-09 17:22:09,0.651,0.6513,0.6511,0.65111
2023-08-09 17:22:25,0.6514,0.6517,0.6515,0.65157
2023-08-09 17:22:40,0.6516,0.6518,0.65157,0.65158
2023-08-09 17:22:55,0.6513,0.6516,0.65137,0.6514
2023-08-09 17:23:10,0.6514,0.6517,0.65148,0.65151
2023-08-09 17:23:25,0.6514,0.6517,0.65145,0.65149
2023-08-09 17:23:41,0.6508,0.651,0.65095,0.65097
2023-08-09 17:23:56,0.6503,0.6506,0.65043,0.65049
2023-08-09 17:24:11,0.6502,0.6505,0.65034,0.6504
2023-08-09 17:24:26,0.6503,0.6505,0.65049,0.6505
2023-08-09 17:24:41,0.6504,0.6506,0.65042,0.65043
2023-08-09 17:24:56,0.6505,0.6507,0.65049,0.6505
2023-08-09 17:25:12,0.6505,0.6507,0.65054,0.65057
2023-08-09 17:25:27,0.6504,0.6507,0.65056,0.65059
2023-08-09 17:25:42,0.6501,0.6503,0.65023,0.65028
2023-08-09 17:25:57,0.6502,0.6504,0.65017,0.65022
2023-08-09 17:26:13,0.6502,0.6504,0.65017,0.6502
2023-08-09 17:26:28,0.6503,0.6505,0.65034,0.65045
2023-08-09 17:26:43,0.6503,0.6505,0.65035,0.65041
2023-08-09 17:26:58,0.6507,0.6509,0.65068,0.65073
2023-08-09 17:27:13,0.6507,0.6509,0.65059,0.65064
2023-08-09 17:27:28,0.6506,0.6509,0.65068,0.65075
2023-08-09 17:27:44,0.6503,0.6506,0.65031,0.65037
2023-08-09 17:27:59,0.6498,0.6501,0.64995,0.64998
2023-08-09 17:28:14,0.6507,0.651,0.6508,0.65091
2023-08-09 17:28:29,0.65,0.6502,0.65001,0.65009
2023-08-09 17:28:44,0.6499,0.6501,0.64989,0.64998
2023-08-09 17:29:00,0.6501,0.6502,0.65007,0.65013
2023-08-09 17:29:15,0.6504,0.6506,0.65054,0.65055
2023-08-09 17:29:30,0.6501,0.6503,0.65019,0.6503
2023-08-09 17:29:45,0.6497,0.6499,0.64988,0.64989
2023-08-09 17:30:00,0.6493,0.6495,0.64961,0.64966
2023-08-09 17:30:16,0.6498,0.65,0.64983,0.64989
2023-08-09 17:30:31,0.6499,0.6502,0.65001,0.65008
2023-08-09 17:30:46,0.6502,0.6504,0.6503,0.65031
2023-08-09 17:31:01,0.65,0.6503,0.65015,0.65021
2023-08-09 17:31:16,0.6495,0.6497,0.64979,0.64984
2023-08-09 17:31:32,0.6487,0.649,0.64907,0.64908
2023-08-09 17:31:47,0.6492,0.6494,0.64939,0.6494
2023-08-09 17:32:02,0.6493,0.6495,0.64948,0.64952
2023-08-09 17:32:17,0.6491,0.6493,0.64932,0.64947
2023-08-09 17:32:32,0.6491,0.6493,0.64931,0.64938
2023-08-09 17:32:48,0.6494,0.6496,0.64954,0.64972
2023-08-09 17:33:03,0.6492,0.6494,0.64945,0.64949
2023-08-09 17:33:18,0.6493,0.6495,0.64951,0.64959
2023-08-09 17:33:33,0.6491,0.6493,0.64945,0.64947
2023-08-09 17:33:48,0.649,0.6492,0.6492,0.64927
2023-08-09 17:34:04,0.6485,0.6487,0.64875,0.64876
2023-08-09 17:34:19,0.6483,0.6485,0.64853,0.64854
2023-08-09 17:34:34,0.6483,0.6486,0.6485,0.6486
2023-08-09 17:34:49,0.6483,0.6486,0.64833,0.64837
2023-08-09 17:35:04,0.6483,0.6486,0.64846,0.64858
2023-08-09 17:35:20,0.6485,0.6488,0.64859,0.64872
2023-08-09 17:35:35,0.6489,0.6491,0.64904,0.6491
2023-08-09 17:35:50,0.6489,0.649,0.64905,0.64906
2023-08-09 17:36:05,0.6493,0.6494,0.64933,0.64934
2023-08-09 17:36:20,0.6491,0.6493,0.64933,0.64934
2023-08-09 17:36:36,0.6489,0.6491,0.64906,0.64912
2023-08-09 17:36:51,0.6492,0.6494,0.64932,0.64933
2023-08-09 17:37:06,0.6492,0.6494,0.64937,0.64943
2023-08-09 17:37:21,0.6493,0.6495,0.64947,0.64957
2023-08-09 17:37:36,0.6496,0.6498,0.6498,0.64991
2023-08-09 17:37:52,0.6498,0.65,0.65011,0.65021
2023-08-09 17:38:07,0.6499,0.6502,0.6499,0.65
2023-08-09 17:38:22,0.65,0.6502,0.65025,0.65031
2023-08-09 17:38:37,0.6498,0.65,0.64993,0.65
2023-08-09 17:38:52,0.6499,0.6501,0.65007,0.6501
2023-08-09 17:39:08,0.6498,0.65,0.65007,0.6501
2023-08-09 17:39:23,0.6502,0.6504,0.65025,0.65038
2023-08-09 17:39:38,0.6499,0.6501,0.65022,0.65023
2023-08-09 17:39:53,0.6496,0.6498,0.64979,0.64984
2023-08-09 17:40:08,0.6495,0.6498,0.64978,0.64981
2023-08-09 17:40:23,0.6496,0.6498,0.64985,0.64986
2023-08-09 17:40:39,0.6496,0.6498,0.64986,0.64991
2023-08-09 17:40:54,0.6496,0.6498,0.64982,0.6499
2023-08-09 17:41:09,0.6496,0.6498,0.64979,0.64988
2023-08-09 17:41:24,0.6493,0.6495,0.64964,0.64967
2023-08-09 17:41:39,0.6492,0.6495,0.64955,0.6496
2023-08-09 17:41:55,0.6492,0.6495,0.64946,0.64952
2023-08-09 17:42:10,0.6494,0.6496,0.64958,0.64962
2023-08-09 17:42:25,0.6495,0.6497,0.64971,0.64972
2023-08-09 17:42:40,0.6494,0.6496,0.64952,0.64962
2023-08-09 17:42:55,0.6493,0.6494,0.64943,0.64949
2023-08-09 17:43:11,0.6492,0.6493,0.64932,0.64938
2023-08-09 17:43:26,0.6491,0.6493,0.6493,0.64938
2023-08-09 17:43:41,0.6494,0.6496,0.64962,0.64972
2023-08-09 17:43:56,0.6494,0.6496,0.64962,0.64972
2023-08-09 17:44:11,0.6495,0.6497,0.64964,0.64972
2023-08-09 17:44:27,0.6494,0.6496,0.64965,0.64971
2023-08-09 17:44:42,0.6492,0.6494,0.6494,0.6495
2023-08-09 17:44:57,0.6497,0.6499,0.6498,0.64981
2023-08-09 17:45:12,0.6494,0.6496,0.64973,0.64974
2023-08-09 17:45:27,0.6493,0.6495,0.6495,0.64951
2023-08-09 17:45:42,0.6492,0.6494,0.6495,0.64951
2023-08-09 17:45:58,0.6493,0.6494,0.64933,0.64942
2023-08-09 17:46:13,0.6494,0.6496,0.64951,0.64952
2023-08-09 17:46:28,0.6495,0.6497,0.64959,0.6496
2023-08-09 17:46:43,0.6493,0.6495,0.64945,0.6495
2023-08-09 17:46:58,0.6488,0.649,0.649,0.64901
2023-08-09 17:47:14,0.6487,0.6489,0.64903,0.64909
2023-08-09 17:47:29,0.6487,0.649,0.64881,0.64888
2023-08-09 17:47:44,0.6486,0.6489,0.64867,0.64879
2023-08-09 17:47:59,0.6488,0.649,0.64886,0.64891
2023-08-09 17:48:14,0.6488,0.649,0.64896,0.64901
2023-08-09 17:48:30,0.6487,0.6489,0.64875,0.64879
2023-08-09 17:48:45,0.6493,0.6495,0.64922,0.64932
2023-08-09 17:49:00,0.6495,0.6497,0.64946,0.64947
2023-08-09 17:49:15,0.6495,0.6497,0.64954,0.6496
2023-08-09 17:49:30,0.6494,0.6497,0.64946,0.64952
2023-08-09 17:49:46,0.6494,0.6496,0.6494,0.64949
2023-08-09 17:50:01,0.6495,0.6497,0.64948,0.64955
2023-08-09 17:50:16,0.6495,0.6497,0.64953,0.6496
2023-08-09 17:50:31,0.6494,0.6495,0.6494,0.64948
2023-08-09 17:50:46,0.6495,0.6497,0.64936,0.64941
2023-08-09 17:51:02,0.65,0.6503,0.65003,0.65011
2023-08-09 17:51:17,0.65,0.6502,0.65009,0.65018
2023-08-09 17:51:32,0.6501,0.6503,0.65009,0.65021
2023-08-09 17:51:47,0.6498,0.65,0.65017,0.65022
2023-08-09 17:52:02,0.6501,0.6503,0.65019,0.6503
2023-08-09 17:52:18,0.6502,0.6504,0.65028,0.65034
2023-08-09 17:52:33,0.6503,0.6504,0.65028,0.65034
2023-08-09 17:52:48,0.6506,0.6508,0.65047,0.65048
2023-08-09 17:53:03,0.6504,0.6507,0.65058,0.65062
2023-08-09 17:53:18,0.6502,0.6505,0.65037,0.65044
2023-08-09 17:53:34,0.6502,0.6504,0.65042,0.65049
2023-08-09 17:53:49,0.6506,0.6507,0.65061,0.65062
2023-08-09 17:54:04,0.6508,0.651,0.65096,0.65108
2023-08-09 17:54:19,0.6512,0.6514,0.65125,0.65128
2023-08-09 17:54:34,0.6512,0.6514,0.65125,0.6513
2023-08-09 17:54:49,0.6507,0.6509,0.65095,0.65103
2023-08-09 17:55:05,0.6508,0.6511,0.65097,0.65099
2023-08-09 17:55:20,0.6505,0.6507,0.6506,0.65069
2023-08-09 17:55:35,0.6507,0.6509,0.65082,0.65087
2023-08-09 17:55:50,0.6508,0.651,0.65088,0.65089
2023-08-09 17:56:05,0.6512,0.6515,0.6513,0.65131
2023-08-09 17:56:21,0.6509,0.6513,0.65109,0.65111
2023-08-09 17:56:36,0.6513,0.6515,0.6514,0.65147
2023-08-09 17:56:51,0.651,0.6512,0.65126,0.65136
2023-08-09 17:57:06,0.6512,0.6514,0.65128,0.65132
2023-08-09 17:57:21,0.651,0.6513,0.65109,0.65119
2023-08-09 17:57:37,0.6507,0.6509,0.65078,0.65082
2023-08-09 17:57:52,0.6505,0.6507,0.65063,0.65068
2023-08-09 17:58:07,0.6507,0.6509,0.6507,0.65078
2023-08-09 17:58:22,0.6508,0.651,0.65076,0.65081
2023-08-09 17:58:37,0.6507,0.651,0.65071,0.65081
2023-08-09 17:58:52,0.651,0.6512,0.65096,0.65101
2023-08-09 17:59:08,0.6511,0.6514,0.65114,0.65115
2023-08-09 17:59:23,0.6512,0.6514,0.65114,0.65115
2023-08-09 17:59:38,0.6511,0.6513,0.65106,0.65112
2023-08-09 17:59:53,0.6514,0.6515,0.65129,0.6513
2023-08-09 18:00:08,0.6515,0.6518,0.6515,0.65157
2023-08-09 18:00:24,0.6508,0.651,0.65094,0.65097
2023-08-09 18:00:39,0.6509,0.6511,0.65093,0.65096
2023-08-09 18:00:54,0.651,0.6513,0.65104,0.65108
2023-08-09 18:01:09,0.6512,0.6515,0.65128,0.65139
2023-08-09 18:01:24,0.6515,0.6517,0.65155,0.65159
2023-08-09 18:01:40,0.6514,0.6516,0.65144,0.65146
2023-08-09 18:01:55,0.6515,0.6517,0.65139,0.6514
2023-08-09 18:02:10,0.6514,0.6516,0.65151,0.65155
2023-08-09 18:02:25,0.6513,0.6515,0.65126,0.65129
2023-08-09 18:02:40,0.6508,0.651,0.65076,0.65089
2023-08-09 18:02:56,0.6507,0.6509,0.65077,0.65081
2023-08-09 18:03:11,0.6507,0.6509,0.65079,0.6508
2023-08-09 18:03:26,0.6506,0.6508,0.65065,0.65069
2023-08-09 18:03:41,0.6508,0.651,0.65079,0.6508
2023-08-09 18:03:56,0.6513,0.6515,0.65132,0.65133
2023-08-09 18:04:12,0.6513,0.6515,0.65124,0.65125
2023-08-09 18:04:27,0.6515,0.6517,0.65143,0.65146
2023-08-09 18:04:42,0.6515,0.6517,0.6515,0.65151
2023-08-09 18:04:57,0.6517,0.6518,0.65157,0.65168
2023-08-09 18:05:12,0.6516,0.6518,0.65155,0.65162
2023-08-09 18:05:28,0.6518,0.652,0.6517,0.65178
2023-08-09 18:05:43,0.6518,0.652,0.65177,0.65178
2023-08-09 18:05:58,0.6518,0.652,0.65173,0.65177
2023-08-09 18:06:13,0.6521,0.6523,0.65208,0.65214
2023-08-09 18:06:28,0.6524,0.6527,0.65244,0.65245
2023-08-09 18:06:44,0.6525,0.6527,0.65251,0.65252
2023-08-09 18:06:59,0.6524,0.6527,0.6525,0.65251
2023-08-09 18:07:14,0.6525,0.6527,0.6525,0.65258
2023-08-09 18:07:29,0.6523,0.6525,0.65242,0.6525
2023-08-09 18:07:44,0.6524,0.6526,0.65247,0.65248
2023-08-09 18:08:00,0.6521,0.6523,0.65217,0.65218
2023-08-09 18:08:15,0.6523,0.6525,0.65232,0.65238
2023-08-09 18:08:30,0.652,0.6522,0.65212,0.65217
2023-08-09 18:08:45,0.6519,0.6521,0.65196,0.65198
2023-08-09 18:09:00,0.6517,0.652,0.65189,0.65191
2023-08-09 18:09:16,0.6516,0.6518,0.65167,0.65178
2023-08-09 18:09:31,0.6517,0.6519,0.65175,0.6518
2023-08-09 18:09:46,0.6517,0.652,0.65177,0.6518
2023-08-09 18:10:01,0.6516,0.6518,0.65158,0.65164
2023-08-09 18:10:16,0.6515,0.6517,0.6515,0.65154
2023-08-09 18:10:31,0.6513,0.6515,0.65125,0.65129
2023-08-09 18:10:47,0.6516,0.6518,0.65165,0.65176
2023-08-09 18:11:02,0.6522,0.6524,0.65229,0.65236
2023-08-09 18:11:17,0.6522,0.6524,0.65227,0.65228
2023-08-09 18:11:32,0.6522,0.6524,0.65227,0.65228
2023-08-09 18:11:47,0.6522,0.6524,0.65229,0.6523
2023-08-09 18:12:03,0.6521,0.6524,0.65228,0.65239
2023-08-09 18:12:18,0.6518,0.652,0.65199,0.65201
2023-08-09 18:12:33,0.6519,0.6522,0.6519,0.65191
2023-08-09 18:12:48,0.6523,0.6524,0.6523,0.65231
2023-08-09 18:13:03,0.6519,0.6522,0.65197,0.65201
2023-08-09 18:13:19,0.6521,0.6523,0.65216,0.6522
2023-08-09 18:13:34,0.6521,0.6524,0.65214,0.65215
2023-08-09 18:13:49,0.6518,0.652,0.6518,0.65189
2023-08-09 18:14:04,0.652,0.6522,0.65196,0.65201
2023-08-09 18:14:19,0.6517,0.6519,0.65184,0.6519
2023-08-09 18:14:34,0.6521,0.6523,0.65191,0.65201
2023-08-09 18:14:50,0.6521,0.6523,0.65216,0.65219
2023-08-09 18:15:05,0.6522,0.6525,0.6523,0.65231
2023-08-09 18:15:20,0.652,0.6522,0.65216,0.65217
2023-08-09 18:15:35,0.652,0.6522,0.65216,0.65218
2023-08-09 18:15:50,0.6521,0.6523,0.65217,0.65221
2023-08-09 18:16:06,0.6526,0.6528,0.6524,0.65251
2023-08-09 18:16:21,0.6524,0.6527,0.6526,0.65265
2023-08-09 18:16:36,0.6524,0.6526,0.6525,0.65251
2023-08-09 18:16:51,0.6529,0.6531,0.65293,0.65295
2023-08-09 18:17:06,0.6526,0.6528,0.6527,0.65271
2023-08-09 18:17:22,0.6528,0.653,0.6527,0.6528
2023-08-09 18:17:37,0.6527,0.6529,0.65267,0.65271
2023-08-09 18:17:52,0.6526,0.6528,0.65266,0.65271
2023-08-09 18:18:07,0.6527,0.6529,0.65267,0.65271
2023-08-09 18:18:22,0.653,0.6533,0.65303,0.65304
2023-08-09 18:18:38,0.6533,0.6535,0.6533,0.6534
2023-08-09 18:18:53,0.6531,0.6533,0.65312,0.65313
2023-08-09 18:19:08,0.6534,0.6536,0.65328,0.65336
2023-08-09 18:19:23,0.6534,0.6537,0.65355,0.65356
2023-08-09 18:19:38,0.6535,0.6538,0.65355,0.65356
2023-08-09 18:19:54,0.6535,0.6537,0.65356,0.65361
2023-08-09 18:20:09,0.6535,0.6537,0.65358,0.65363
2023-08-09 18:20:24,0.6538,0.6541,0.65375,0.65379
2023-08-09 18:20:39,0.6534,0.6536,0.65338,0.65346
2023-08-09 18:20:54,0.6534,0.6536,0.65337,0.65349
2023-08-09 18:21:10,0.6532,0.6534,0.65322,0.65323
2023-08-09 18:21:25,0.6536,0.6538,0.65347,0.65356
2023-08-09 18:21:40,0.6533,0.6535,0.65339,0.65341
2023-08-09 18:21:55,0.6531,0.6534,0.65323,0.65324
2023-08-09 18:22:10,0.6531,0.6533,0.65322,0.65323
2023-08-09 18:22:25,0.6529,0.6531,0.65298,0.65305
2023-08-09 18:22:41,0.653,0.6532,0.65298,0.65304
2023-08-09 18:22:56,0.653,0.6534,0.65308,0.65315
2023-08-09 18:23:11,0.653,0.6532,0.653,0.65301
2023-08-09 18:23:26,0.6529,0.6532,0.65308,0.65309
2023-08-09 18:23:41,0.653,0.6532,0.6531,0.65311
2023-08-09 18:23:56,0.6529,0.6531,0.65308,0.65309
2023-08-09 18:24:12,0.6534,0.6536,0.65344,0.6535
2023-08-09 18:24:27,0.6534,0.6536,0.65337,0.65345
2023-08-09 18:24:42,0.6534,0.6537,0.65342,0.65348
2023-08-09 18:24:57,0.6535,0.6537,0.6533,0.65335
2023-08-09 18:25:12,0.6534,0.6536,0.65338,0.65345
2023-08-09 18:25:28,0.6535,0.6537,0.65345,0.65346
2023-08-09 18:25:43,0.6536,0.6538,0.65362,0.65369
2023-08-09 18:25:58,0.6535,0.6537,0.65359,0.65363
2023-08-09 18:26:13,0.6536,0.6538,0.65361,0.65367
2023-08-09 18:26:28,0.6536,0.6538,0.65358,0.65365
2023-08-09 18:26:44,0.6538,0.6539,0.65362,0.65369
2023-08-09 18:26:59,0.6539,0.6541,0.65382,0.6539
2023-08-09 18:27:14,0.6537,0.6539,0.65389,0.6539
2023-08-09 18:27:29,0.6537,0.6539,0.65372,0.65381
2023-08-09 18:27:44,0.6535,0.6537,0.65352,0.6536
2023-08-09 18:28:00,0.6537,0.6538,0.6536,0.65369
2023-08-09 18:28:15,0.6537,0.654,0.65382,0.65389
2023-08-09 18:28:30,0.6537,0.654,0.65365,0.6537
2023-08-09 18:28:45,0.6541,0.6544,0.65399,0.654
2023-08-09 18:29:00,0.6541,0.6543,0.65398,0.65409
2023-08-09 18:29:16,0.654,0.6542,0.65414,0.65415
2023-08-09 18:29:31,0.654,0.6542,0.65396,0.65402
2023-08-09 18:29:46,0.654,0.6542,0.65398,0.65404
2023-08-09 18:30:01,0.6538,0.654,0.65377,0.65386
2023-08-09 18:30:16,0.6539,0.6541,0.65376,0.65387
2023-08-09 18:30:32,0.6539,0.6541,0.65392,0.65397
2023-08-09 18:30:47,0.6542,0.6545,0.65424,0.65434
2023-08-09 18:31:02,0.6542,0.6544,0.65426,0.65434
2023-08-09 18:31:17,0.6542,0.6546,0.65437,0.65448
2023-08-09 18:31:32,0.6541,0.6543,0.6543,0.65436
2023-08-09 18:31:48,0.654,0.6543,0.65421,0.65427
2023-08-09 18:32:03,0.6539,0.6542,0.65421,0.65425
2023-08-09 18:32:18,0.654,0.6542,0.65412,0.65418
2023-08-09 18:32:33,0.654,0.6542,0.6541,0.65411
2023-08-09 18:32:48,0.6539,0.6541,0.65401,0.65408
2023-08-09 18:33:04,0.6536,0.6538,0.65381,0.65382
2023-08-09 18:33:19,0.6537,0.6539,0.65378,0.65381
2023-08-09 18:33:34,0.6537,0.6539,0.65371,0.6538
2023-08-09 18:33:49,0.654,0.6542,0.6541,0.6542
2023-08-09 18:34:04,0.6542,0.6543,0.65418,0.6543
2023-08-09 18:34:19,0.6544,0.6546,0.65437,0.65441
2023-08-09 18:34:35,0.6544,0.6546,0.65445,0.6545
2023-08-09 18:34:50,0.6542,0.6545,0.65436,0.65443
2023-08-09 18:35:05,0.6542,0.6544,0.65435,0.65437
2023-08-09 18:35:20,0.6544,0.6546,0.65444,0.65449
2023-08-09 18:35:35,0.6542,0.6544,0.65428,0.6543
2023-08-09 18:35:51,0.6538,0.654,0.65392,0.654
2023-08-09 18:36:06,0.6538,0.6541,0.6539,0.65391
2023-08-09 18:36:21,0.6539,0.6541,0.654,0.65401
2023-08-09 18:36:36,0.654,0.6542,0.654,0.65401
2023-08-09 18:36:51,0.654,0.6542,0.654,0.65401
2023-08-09 18:37:07,0.654,0.6542,0.654,0.65401
2023-08-09 18:37:22,0.6539,0.6541,0.654,0.65401
2023-08-09 18:37:37,0.6535,0.6537,0.65356,0.65369
2023-08-09 18:37:52,0.6534,0.6536,0.6535,0.65351
2023-08-09 18:38:07,0.6536,0.6539,0.6537,0.65371
2023-08-09 18:38:22,0.6539,0.654,0.65388,0.6539
2023-08-09 18:38:38,0.6538,0.654,0.65375,0.65381
2023-08-09 18:38:53,0.6536,0.6538,0.6537,0.65371
2023-08-09 18:39:08,0.6536,0.6538,0.65367,0.65371
2023-08-09 18:39:23,0.6536,0.6539,0.65372,0.65378
2023-08-09 18:39:38,0.6537,0.6539,0.65372,0.65381
2023-08-09 18:39:54,0.6537,0.6539,0.65373,0.65374
2023-08-09 18:40:09,0.6536,0.6537,0.65359,0.65366
2023-08-09 18:40:24,0.6537,0.6539,0.65361,0.65366
2023-08-09 18:40:39,0.6537,0.6539,0.65361,0.65371
2023-08-09 18:40:54,0.6532,0.6535,0.65341,0.65346
2023-08-09 18:41:09,0.6532,0.6534,0.65319,0.65329
2023-08-09 18:41:25,0.6531,0.6534,0.65324,0.65325
2023-08-09 18:41:40,0.6531,0.6534,0.65324,0.65325
2023-08-09 18:41:55,0.6528,0.653,0.65295,0.65304
2023-08-09 18:42:10,0.6528,0.6531,0.6529,0.65298
2023-08-09 18:42:25,0.653,0.6532,0.65299,0.65309
2023-08-09 18:42:41,0.6529,0.6532,0.65286,0.65299
2023-08-09 18:42:56,0.653,0.6532,0.6529,0.65299
2023-08-09 18:43:11,0.6529,0.6531,0.65291,0.65295
2023-08-09 18:43:26,0.6529,0.6531,0.65287,0.65295
2023-08-09 18:43:41,0.6528,0.653,0.6528,0.65281
2023-08-09 18:43:57,0.6528,0.653,0.65276,0.65279
2023-08-09 18:44:12,0.6526,0.6527,0.65259,0.65261
2023-08-09 18:44:27,0.6526,0.6528,0.65253,0.6526
2023-08-09 18:44:42,0.6529,0.653,0.65273,0.65279
2023-08-09 18:44:57,0.6528,0.653,0.65274,0.6529
2023-08-09 18:45:13,0.6531,0.6532,0.65285,0.65296
2023-08-09 18:45:28,0.653,0.6532,0.65298,0.65309
2023-08-09 18:45:43,0.6531,0.6533,0.65288,0.65301
2023-08-09 18:45:58,0.653,0.6532,0.65298,0.65306
2023-08-09 18:46:13,0.653,0.6532,0.65298,0.65303
2023-08-09 18:46:29,0.6531,0.6533,0.65303,0.65315
2023-08-09 18:46:44,0.6533,0.6535,0.65324,0.65329
2023-08-09 18:46:59,0.6534,0.6535,0.65336,0.65342
2023-08-09 18:47:14,0.6536,0.6537,0.65348,0.65359
2023-08-09 18:47:29,0.6534,0.6536,0.65358,0.65362
2023-08-09 18:47:45,0.6536,0.6538,0.65343,0.65349
2023-08-09 18:48:00,0.6537,0.6539,0.65365,0.65369
2023-08-09 18:48:15,0.6537,0.6539,0.65361,0.65367
2023-08-09 18:48:30,0.6537,0.6539,0.65365,0.65374
2023-08-09 18:48:45,0.6537,0.654,0.6537,0.6538
2023-08-09 18:49:00,0.6538,0.654,0.65379,0.65384
2023-08-09 18:49:16,0.6538,0.654,0.65379,0.65388
2023-08-09 18:49:31,0.6538,0.654,0.6537,0.65378
2023-08-09 18:49:46,0.6537,0.6539,0.65373,0.65374
2023-08-09 18:50:01,0.6537,0.6539,0.65377,0.6538
2023-08-09 18:50:16,0.6538,0.6539,0.65372,0.65374
2023-08-09 18:50:32,0.6537,0.6539,0.65367,0.65368
2023-08-09 18:50:47,0.6537,0.6538,0.65368,0.65369
2023-08-09 18:51:02,0.6536,0.6538,0.65368,0.65369
2023-08-09 18:51:17,0.6536,0.6538,0.65368,0.65369
2023-08-09 18:51:32,0.6533,0.6534,0.65329,0.65338
2023-08-09 18:51:47,0.6532,0.6534,0.65328,0.65338
2023-08-09 18:52:03,0.6533,0.6534,0.65326,0.65327
2023-08-09 18:52:18,0.653,0.6532,0.65298,0.65301
2023-08-09 18:52:33,0.6528,0.653,0.65284,0.6529
2023-08-09 18:52:48,0.6528,0.653,0.65268,0.65277
2023-08-09 18:53:03,0.6528,0.653,0.6528,0.65281
2023-08-09 18:53:19,0.6526,0.6527,0.6525,0.65254
2023-08-09 18:53:34,0.6527,0.6528,0.65259,0.65269
2023-08-09 18:53:49,0.6524,0.6526,0.65237,0.65245
2023-08-09 18:54:04,0.6522,0.6524,0.65218,0.65225
2023-08-09 18:54:19,0.6522,0.6525,0.65222,0.65231
2023-08-09 18:54:35,0.6525,0.6527,0.65257,0.65261
2023-08-09 18:54:50,0.6526,0.6528,0.65262,0.65269
2023-08-09 18:55:05,0.6529,0.6531,0.65277,0.65289
2023-08-09 18:55:20,0.6529,0.653,0.65283,0.65289
2023-08-09 18:55:35,0.6529,0.653,0.65282,0.65289
2023-08-09 18:55:50,0.6529,0.6531,0.65282,0.65289
2023-08-09 18:56:06,0.653,0.6532,0.65289,0.653
2023-08-09 18:56:21,0.6528,0.653,0.65277,0.65278
2023-08-09 18:56:36,0.6529,0.6531,0.65278,0.6528
2023-08-09 18:56:51,0.6529,0.6531,0.65292,0.65299
2023-08-09 18:57:06,0.653,0.6532,0.65291,0.65299
2023-08-09 18:57:22,0.653,0.6531,0.65285,0.65286
2023-08-09 18:57:37,0.653,0.6531,0.65289,0.65299
2023-08-09 18:57:52,0.653,0.6531,0.65289,0.65299
2023-08-09 18:58:07,0.6529,0.653,0.65289,0.65299
2023-08-09 18:58:22,0.6529,0.653,0.65289,0.65299
2023-08-09 18:58:38,0.653,0.6532,0.65292,0.65297
2023-08-09 18:58:53,0.6531,0.6532,0.65291,0.65295
2023-08-09 18:59:08,0.6531,0.6532,0.65291,0.65295
2023-08-09 18:59:23,0.6531,0.6532,0.65291,0.65295
2023-08-09 18:59:38,0.6531,0.6532,0.65291,0.65297
2023-08-09 18:59:53,0.6529,0.6531,0.6529,0.65291
2023-08-09 19:00:09,0.6533,0.6534,0.65308,0.65319
2023-08-09 19:00:24,0.6533,0.6534,0.65309,0.65321
2023-08-09 19:00:39,0.6534,0.6535,0.65326,0.6533
2023-08-09 19:00:54,0.6535,0.6537,0.65346,0.65353
2023-08-09 19:01:10,0.6532,0.6535,0.65326,0.6534
2023-08-09 19:01:25,0.6536,0.6539,0.65368,0.65369
2023-08-09 19:01:40,0.6537,0.6539,0.65369,0.65374
2023-08-09 19:01:55,0.6537,0.6539,0.6538,0.65381
2023-08-09 19:02:10,0.6541,0.6542,0.65419,0.6542
2023-08-09 19:02:25,0.6551,0.6552,0.65534,0.65541
2023-08-09 19:02:41,0.6552,0.6555,0.65534,0.6554
2023-08-09 19:02:56,0.6562,0.6564,0.65623,0.65624
2023-08-09 19:03:11,0.6553,0.6555,0.6553,0.65541
2023-08-09 19:03:26,0.6552,0.6554,0.65515,0.65521
2023-08-09 19:03:41,0.6552,0.6554,0.65537,0.65541
2023-08-09 19:03:57,0.6551,0.6553,0.65528,0.65538
2023-08-09 19:04:12,0.6549,0.6553,0.65505,0.65506
2023-08-09 19:04:27,0.6552,0.6553,0.6552,0.65529
2023-08-09 19:04:42,0.6553,0.6555,0.65541,0.65548
2023-08-09 19:04:57,0.655,0.6552,0.65511,0.65516
2023-08-09 19:05:12,0.6548,0.655,0.65494,0.65498
2023-08-09 19:05:28,0.6548,0.655,0.65487,0.65493
2023-08-09 19:05:43,0.6548,0.655,0.65482,0.65494
2023-08-09 19:05:58,0.6544,0.6548,0.65467,0.6547
2023-08-09 19:06:13,0.6547,0.6549,0.6548,0.65481
2023-08-09 19:06:28,0.655,0.6552,0.65509,0.65511
2023-08-09 19:06:44,0.6553,0.6555,0.65529,0.65539
2023-08-09 19:06:59,0.6553,0.6555,0.65546,0.65547
2023-08-09 19:07:14,0.6551,0.6553,0.65506,0.6551
2023-08-09 19:07:29,0.6549,0.6551,0.65492,0.65498
2023-08-09 19:07:44,0.6549,0.6551,0.65497,0.65508
2023-08-09 19:08:00,0.6552,0.6553,0.65526,0.65527
2023-08-09 19:08:15,0.6548,0.655,0.65481,0.65488
2023-08-09 19:08:30,0.6549,0.6551,0.6549,0.65491
2023-08-09 19:08:45,0.6553,0.6554,0.65513,0.65521
2023-08-09 19:09:00,0.6551,0.6554,0.65505,0.65515
2023-08-09 19:09:16,0.6552,0.6555,0.65518,0.65526
2023-08-09 19:09:31,0.6552,0.6555,0.65519,0.65525
2023-08-09 19:09:46,0.6552,0.6553,0.65513,0.65519
2023-08-09 19:10:01,0.6551,0.6553,0.65505,0.65508
2023-08-09 19:10:16,0.655,0.6553,0.65501,0.65507
2023-08-09 19:10:32,0.655,0.6552,0.65484,0.65493
2023-08-09 19:10:47,0.6547,0.6548,0.6546,0.65464
2023-08-09 19:11:02,0.6546,0.6549,0.65448,0.65458
2023-08-09 19:11:17,0.6546,0.6548,0.65443,0.65453
2023-08-09 19:11:32,0.6542,0.6545,0.65408,0.65412
2023-08-09 19:11:48,0.6539,0.6541,0.65376,0.65383
2023-08-09 19:12:03,0.6538,0.6541,0.65375,0.65376
2023-08-09 19:12:18,0.6539,0.6542,0.65375,0.65376
2023-08-09 19:12:33,0.6541,0.6544,0.65413,0.65425
2023-08-09 19:12:48,0.6539,0.6541,0.65376,0.65387
2023-08-09 19:13:03,0.6542,0.6545,0.65426,0.65441
2023-08-09 19:13:19,0.6542,0.6546,0.6543,0.65431
2023-08-09 19:13:34,0.6544,0.6547,0.65441,0.65442
2023-08-09 19:13:49,0.6543,0.6545,0.65425,0.65434
2023-08-09 19:14:04,0.6544,0.6547,0.65439,0.6544
2023-08-09 19:14:19,0.6542,0.6545,0.65411,0.65417
2023-08-09 19:14:35,0.6545,0.6547,0.65442,0.65443
2023-08-09 19:14:50,0.6544,0.6547,0.65443,0.65455
2023-08-09 19:15:05,0.6544,0.6546,0.65437,0.65447
2023-08-09 19:15:20,0.6548,0.6552,0.65482,0.65494
2023-08-09 19:15:35,0.6546,0.6548,0.6547,0.65474
2023-08-09 19:15:51,0.6549,0.6551,0.65495,0.65496
2023-08-09 19:16:06,0.6556,0.6558,0.65568,0.65569
2023-08-09 19:16:21,0.6556,0.6558,0.6557,0.65574
2023-08-09 19:16:36,0.656,0.6562,0.65603,0.65608
2023-08-09 19:16:51,0.6562,0.6564,0.65608,0.65609
2023-08-09 19:17:07,0.6559,0.6563,0.65601,0.65607
2023-08-09 19:17:22,0.656,0.6562,0.65616,0.65617
2023-08-09 19:17:37,0.656,0.6562,0.65614,0.6563
2023-08-09 19:17:52,0.656,0.6562,0.6562,0.65625
2023-08-09 19:18:07,0.6562,0.6564,0.65637,0.6564
2023-08-09 19:18:23,0.6571,0.6573,0.65744,0.65745
2023-08-09 19:18:38,0.6567,0.6569,0.65684,0.65689
2023-08-09 19:18:53,0.657,0.6572,0.65697,0.65702
2023-08-09 19:19:08,0.6572,0.6574,0.65712,0.65719
2023-08-09 19:19:23,0.6572,0.6574,0.65711,0.65721
2023-08-09 19:19:39,0.6572,0.6573,0.65714,0.65719
2023-08-09 19:19:54,0.6572,0.6574,0.65721,0.65728
2023-08-09 19:20:09,0.6571,0.6574,0.65718,0.65719
2023-08-09 19:20:24,0.6567,0.657,0.65662,0.65675
2023-08-09 19:20:39,0.6565,0.6568,0.65653,0.65659
2023-08-09 19:20:55,0.6566,0.6569,0.65653,0.6566
2023-08-09 19:21:10,0.6569,0.6572,0.65674,0.65675
2023-08-09 19:21:25,0.6571,0.6573,0.65697,0.65709
2023-08-09 19:21:40,0.6574,0.6576,0.65726,0.65737
2023-08-09 19:21:55,0.6576,0.6578,0.65758,0.65767
2023-08-09 19:22:11,0.6582,0.6584,0.6582,0.65821
2023-08-09 19:22:26,0.6581,0.6583,0.65799,0.6581
2023-08-09 19:22:41,0.6584,0.6585,0.65827,0.65835
2023-08-09 19:22:56,0.6582,0.6584,0.65813,0.65819
2023-08-09 19:23:11,0.6575,0.6578,0.65743,0.65745
2023-08-09 19:23:27,0.6574,0.6578,0.65733,0.6574
2023-08-09 19:23:42,0.6578,0.658,0.65769,0.65776
2023-08-09 19:23:57,0.658,0.6582,0.65795,0.65796
2023-08-09 19:24:12,0.658,0.6583,0.65799,0.65806
2023-08-09 19:24:27,0.6579,0.6582,0.65785,0.65791
2023-08-09 19:24:42,0.6581,0.6584,0.65805,0.65811
2023-08-09 19:24:58,0.6577,0.658,0.65771,0.65772
2023-08-09 19:25:13,0.6581,0.6583,0.65805,0.65809
2023-08-09 19:25:28,0.6582,0.6584,0.65804,0.6581
2023-08-09 19:25:43,0.659,0.6591,0.65878,0.65883
2023-08-09 19:25:58,0.6591,0.6593,0.65895,0.65897
2023-08-09 19:26:14,0.6595,0.6598,0.65921,0.65931
2023-08-09 19:26:29,0.6598,0.66,0.65965,0.65967
2023-08-09 19:26:44,0.661,0.6613,0.66123,0.6613
2023-08-09 19:26:59,0.6609,0.6611,0.66103,0.66104
2023-08-09 19:27:14,0.6614,0.6617,0.66135,0.66141
2023-08-09 19:27:29,0.6615,0.6618,0.6614,0.66148
2023-08-09 19:27:45,0.6632,0.6636,0.66302,0.66308
2023-08-09 19:28:00,0.6639,0.6643,0.6641,0.6642
2023-08-09 19:28:15,0.6636,0.6639,0.6642,0.66421
2023-08-09 19:28:30,0.6636,0.6639,0.66376,0.66377
2023-08-09 19:28:45,0.6633,0.6636,0.66347,0.66348
2023-08-09 19:29:01,0.6632,0.6635,0.66338,0.6635
2023-08-09 19:29:16,0.6627,0.6631,0.66281,0.66291
2023-08-09 19:29:31,0.6633,0.6637,0.66353,0.66355
2023-08-09 19:29:46,0.6626,0.6629,0.66273,0.66279
2023-08-09 19:30:01,0.6622,0.6626,0.66251,0.66252
2023-08-09 19:30:16,0.6622,0.6625,0.66235,0.66248
2023-08-09 19:30:32,0.6615,0.6618,0.66166,0.6618
2023-08-09 19:30:47,0.6616,0.6619,0.66176,0.66177
2023-08-09 19:31:02,0.6616,0.662,0.66181,0.66182
2023-08-09 19:31:17,0.661,0.6613,0.6612,0.66129
2023-08-09 19:31:32,0.6615,0.6618,0.66146,0.66156
2023-08-09 19:31:48,0.6618,0.6622,0.66155,0.66158
2023-08-09 19:32:03,0.6617,0.662,0.66218,0.66226
2023-08-09 19:32:18,0.6614,0.6618,0.66163,0.66167
2023-08-09 19:32:33,0.661,0.6613,0.6615,0.66151
2023-08-09 19:32:48,0.6605,0.6608,0.6608,0.66089
2023-08-09 19:33:04,0.6604,0.6608,0.66054,0.66069
2023-08-09 19:33:19,0.6608,0.6611,0.66081,0.66089
2023-08-09 19:33:34,0.6614,0.6617,0.66133,0.66151
2023-08-09 19:33:49,0.6614,0.6617,0.66156,0.66168
2023-08-09 19:34:04,0.6614,0.6617,0.66158,0.66159
2023-08-09 19:34:20,0.6616,0.6618,0.66146,0.66157
2023-08-09 19:34:35,0.6616,0.6618,0.66157,0.66158
2023-08-09 19:34:50,0.6616,0.6619,0.66175,0.66181
2023-08-09 19:35:05,0.662,0.6623,0.66209,0.66218
2023-08-09 19:35:20,0.6612,0.6614,0.66138,0.66139
2023-08-09 19:35:36,0.6604,0.6607,0.66048,0.66055
2023-08-09 19:35:51,0.6606,0.661,0.66076,0.66081
2023-08-09 19:36:06,0.6606,0.6608,0.66064,0.66076
2023-08-09 19:36:21,0.6602,0.6606,0.6604,0.66048
2023-08-09 19:36:36,0.66,0.6604,0.66038,0.66039
2023-08-09 19:36:51,0.6603,0.6606,0.66031,0.66032
2023-08-09 19:37:07,0.6604,0.6607,0.6606,0.66063
2023-08-09 19:37:22,0.6606,0.6609,0.66071,0.66081
2023-08-09 19:37:37,0.6603,0.6606,0.66041,0.66042
2023-08-09 19:37:52,0.6602,0.6605,0.66046,0.66047
2023-08-09 19:38:07,0.6601,0.6603,0.66018,0.66029
2023-08-09 19:38:23,0.6599,0.66,0.6598,0.65989
2023-08-09 19:38:38,0.6594,0.6598,0.65945,0.65957
2023-08-09 19:38:53,0.6587,0.6589,0.65867,0.65868
2023-08-09 19:39:08,0.6581,0.6584,0.65821,0.65831
2023-08-09 19:39:23,0.6587,0.6589,0.65893,0.65899
2023-08-09 19:39:39,0.6589,0.6593,0.6591,0.65911
2023-08-09 19:39:54,0.6587,0.659,0.65882,0.65887
2023-08-09 19:40:09,0.6587,0.6591,0.65885,0.65891
2023-08-09 19:40:24,0.6586,0.6588,0.65869,0.6587
2023-08-09 19:40:39,0.6582,0.6586,0.65847,0.6585
2023-08-09 19:40:55,0.6582,0.6584,0.6585,0.65851
2023-08-09 19:41:10,0.6576,0.658,0.65779,0.65791
2023-08-09 19:41:25,0.6578,0.6582,0.65804,0.6581
2023-08-09 19:41:40,0.6582,0.6585,0.65827,0.65828
2023-08-09 19:41:55,0.6579,0.6583,0.65835,0.65836
2023-08-09 19:42:11,0.658,0.6584,0.65822,0.65827
2023-08-09 19:42:26,0.6583,0.6586,0.65856,0.65857
2023-08-09 19:42:41,0.6585,0.6589,0.65872,0.65879
2023-08-09 19:42:56,0.6585,0.6588,0.65872,0.65879
2023-08-09 19:43:11,0.6586,0.6589,0.65869,0.65879
2023-08-09 19:43:27,0.6581,0.6584,0.6584,0.65841
2023-08-09 19:43:42,0.6584,0.6588,0.6586,0.65861
2023-08-09 19:43:57,0.6589,0.6592,0.659,0.65901
2023-08-09 19:44:12,0.6589,0.6591,0.65909,0.65911
2023-08-09 19:44:27,0.659,0.6592,0.6591,0.65916
2023-08-09 19:44:42,0.6589,0.6591,0.6591,0.65911
2023-08-09 19:44:58,0.6586,0.6589,0.6587,0.6588
2023-08-09 19:45:13,0.6587,0.6591,0.65873,0.6588
2023-08-09 19:45:28,0.6583,0.6585,0.65833,0.65844
2023-08-09 19:45:43,0.658,0.6583,0.65819,0.65821
2023-08-09 19:45:58,0.6575,0.6578,0.65758,0.65769
2023-08-09 19:46:14,0.6574,0.6577,0.65748,0.65757
2023-08-09 19:46:29,0.6568,0.657,0.65684,0.65692
2023-08-09 19:46:44,0.6565,0.6568,0.65654,0.65662
2023-08-09 19:46:59,0.6569,0.6572,0.65713,0.65718
2023-08-09 19:47:14,0.6571,0.6574,0.65727,0.6573
2023-08-09 19:47:30,0.6572,0.6575,0.6573,0.6574
2023-08-09 19:47:45,0.6573,0.6576,0.65753,0.65754
2023-08-09 19:48:00,0.6572,0.6576,0.65741,0.6575
2023-08-09 19:48:15,0.6573,0.6576,0.65745,0.65749
2023-08-09 19:48:30,0.6578,0.6582,0.65791,0.65796
2023-08-09 19:48:45,0.6577,0.6581,0.65782,0.6579
2023-08-09 19:49:01,0.6569,0.6572,0.65699,0.65708
2023-08-09 19:49:16,0.6573,0.6577,0.65753,0.6576
2023-08-09 19:49:31,0.6577,0.658,0.65781,0.65786
2023-08-09 19:49:46,0.6576,0.6579,0.65775,0.65779
2023-08-09 19:50:01,0.6573,0.6576,0.65774,0.65775
2023-08-09 19:50:17,0.6575,0.6579,0.65762,0.65763
2023-08-09 19:50:32,0.6584,0.6586,0.65837,0.65838
2023-08-09 19:50:47,0.6577,0.658,0.65799,0.65804
2023-08-09 19:51:02,0.6574,0.6577,0.65754,0.65759
2023-08-09 19:51:17,0.6576,0.6579,0.65791,0.658
2023-08-09 19:51:33,0.6576,0.658,0.65777,0.65789
2023-08-09 19:51:48,0.6582,0.6585,0.65819,0.6582
2023-08-09 19:52:03,0.6583,0.6586,0.6583,0.6584
2023-08-09 19:52:18,0.6584,0.6587,0.65851,0.65859
2023-08-09 19:52:33,0.659,0.6592,0.6591,0.6592
2023-08-09 19:52:49,0.6592,0.6595,0.65933,0.65951
2023-08-09 19:53:04,0.6591,0.6594,0.65919,0.65928
2023-08-09 19:53:19,0.6595,0.6597,0.65962,0.65969
2023-08-09 19:53:34,0.6594,0.6596,0.65947,0.65961
2023-08-09 19:53:49,0.6597,0.66,0.6598,0.6599
2023-08-09 19:54:04,0.6598,0.6599,0.65999,0.66
2023-08-09 19:54:20,0.6594,0.6597,0.65948,0.6596
2023-08-09 19:54:35,0.6592,0.6595,0.6594,0.65941
2023-08-09 19:54:50,0.6593,0.6595,0.65937,0.65941
2023-08-09 19:55:05,0.6594,0.6596,0.65943,0.6595
2023-08-09 19:55:21,0.6586,0.6588,0.65889,0.65891
2023-08-09 19:55:36,0.6577,0.6579,0.65815,0.65821
2023-08-09 19:55:51,0.6573,0.6578,0.65757,0.6577
2023-08-09 19:56:06,0.6575,0.6579,0.65757,0.6577
2023-08-09 19:56:21,0.6573,0.6577,0.65758,0.65767
2023-08-09 19:56:37,0.6574,0.6576,0.6574,0.65751
2023-08-09 19:56:52,0.6577,0.6582,0.65798,0.65799
2023-08-09 19:57:07,0.6578,0.6582,0.65796,0.65799
2023-08-09 19:57:22,0.6581,0.6585,0.65811,0.65812
2023-08-09 19:57:37,0.6576,0.6579,0.6579,0.65796
2023-08-09 19:57:53,0.6584,0.6587,0.6584,0.6585
2023-08-09 19:58:08,0.6588,0.6591,0.65901,0.65902
2023-08-09 19:58:23,0.6596,0.6598,0.65971,0.65981
2023-08-09 19:58:38,0.6595,0.6598,0.6595,0.65959
2023-08-09 19:58:53,0.6597,0.66,0.65986,0.65991
2023-08-09 19:59:08,0.6599,0.6602,0.66009,0.6602
2023-08-09 19:59:24,0.6599,0.6602,0.66009,0.66017
2023-08-09 19:59:39,0.6598,0.6601,0.66009,0.6601
2023-08-09 19:59:54,0.6595,0.6598,0.6596,0.6597
2023-08-09 20:00:09,0.6594,0.6597,0.65974,0.65975
2023-08-09 20:00:24,0.6592,0.6594,0.65926,0.65931
2023-08-09 20:00:40,0.659,0.6593,0.65893,0.65911
2023-08-09 20:00:55,0.6594,0.6597,0.6595,0.65951
2023-08-09 20:01:10,0.6593,0.6597,0.65944,0.65952
2023-08-09 20:01:25,0.6596,0.6599,0.65968,0.65978
2023-08-09 20:01:40,0.6593,0.6597,0.65945,0.65955
2023-08-09 20:01:56,0.659,0.6593,0.65925,0.65936
2023-08-09 20:02:11,0.6592,0.6594,0.65925,0.65938
2023-08-09 20:02:26,0.6587,0.659,0.65892,0.65901
2023-08-09 20:02:41,0.6587,0.659,0.65882,0.65898
2023-08-09 20:02:56,0.6586,0.6589,0.65897,0.65899
2023-08-09 20:03:12,0.6588,0.6591,0.65889,0.65895
2023-08-09 20:03:27,0.6582,0.6585,0.65833,0.65839
2023-08-09 20:03:42,0.6577,0.658,0.65791,0.65796
2023-08-09 20:03:57,0.6577,0.658,0.65777,0.65786
2023-08-09 20:04:12,0.6573,0.6575,0.6576,0.65767
2023-08-09 20:04:28,0.6571,0.6574,0.65736,0.6575
2023-08-09 20:04:43,0.6563,0.6566,0.65646,0.65655
2023-08-09 20:04:58,0.6564,0.6567,0.65674,0.65679
2023-08-09 20:05:13,0.6565,0.6569,0.65689,0.657
2023-08-09 20:05:28,0.6564,0.6565,0.65669,0.6567
2023-08-09 20:05:44,0.6558,0.656,0.65592,0.65599
2023-08-09 20:05:59,0.6554,0.6557,0.65574,0.65581
2023-08-09 20:06:14,0.6558,0.6562,0.65628,0.65639
2023-08-09 20:06:29,0.6563,0.6567,0.65633,0.65637
2023-08-09 20:06:44,0.6562,0.6565,0.65643,0.65651
2023-08-09 20:06:59,0.6564,0.6566,0.65655,0.65661
2023-08-09 20:07:15,0.6561,0.6563,0.65617,0.65627
2023-08-09 20:07:30,0.6563,0.6566,0.65646,0.65658
2023-08-09 20:07:45,0.6566,0.6568,0.65669,0.65679
2023-08-09 20:08:00,0.6563,0.6567,0.65653,0.65659
2023-08-09 20:08:15,0.6564,0.6568,0.65658,0.65659
2023-08-09 20:08:31,0.657,0.6572,0.65715,0.65716
2023-08-09 20:08:46,0.6569,0.6573,0.65719,0.65723
2023-08-09 20:09:01,0.6571,0.6574,0.65724,0.65735
2023-08-09 20:09:16,0.6572,0.6575,0.65752,0.65753
2023-08-09 20:09:31,0.657,0.6573,0.65709,0.6572
2023-08-09 20:09:47,0.6569,0.6572,0.65711,0.65717
2023-08-09 20:10:02,0.6567,0.6569,0.65699,0.65704
2023-08-09 20:10:17,0.6563,0.6565,0.65644,0.65645
2023-08-09 20:10:32,0.6562,0.6564,0.65645,0.6566
2023-08-09 20:10:47,0.6563,0.6566,0.65654,0.65658
2023-08-09 20:11:02,0.6562,0.6563,0.65623,0.65635
2023-08-09 20:11:18,0.6564,0.6567,0.65671,0.65677
2023-08-09 20:11:33,0.6562,0.6565,0.65641,0.65647
2023-08-09 20:11:48,0.6562,0.6565,0.65637,0.65649
2023-08-09 20:12:03,0.6565,0.6567,0.65661,0.65668
2023-08-09 20:12:18,0.6565,0.6568,0.65665,0.65671
2023-08-09 20:12:34,0.6567,0.657,0.65677,0.65678
2023-08-09 20:12:49,0.6565,0.6567,0.65665,0.65668
2023-08-09 20:13:04,0.6567,0.6569,0.65671,0.65674
2023-08-09 20:13:19,0.6568,0.657,0.65679,0.65683
2023-08-09 20:13:34,0.6567,0.657,0.6567,0.65679
2023-08-09 20:13:49,0.6569,0.6571,0.65694,0.65695
2023-08-09 20:14:05,0.6564,0.6567,0.6566,0.65666
2023-08-09 20:14:20,0.6567,0.6569,0.65704,0.65708
2023-08-09 20:14:35,0.6567,0.6571,0.65707,0.65708
2023-08-09 20:14:50,0.6568,0.657,0.65694,0.65705
2023-08-09 20:15:05,0.6565,0.6568,0.65669,0.6567
2023-08-09 20:15:21,0.6563,0.6566,0.6566,0.65661
2023-08-09 20:15:36,0.6563,0.6564,0.6566,0.65661
2023-08-09 20:15:51,0.656,0.6564,0.65634,0.65638
2023-08-09 20:16:06,0.6563,0.6566,0.65626,0.65633
2023-08-09 20:16:21,0.6565,0.6567,0.6565,0.65659
2023-08-09 20:16:37,0.6563,0.6565,0.65637,0.65641
2023-08-09 20:16:52,0.6564,0.6566,0.65652,0.65659
2023-08-09 20:17:07,0.6564,0.6567,0.65655,0.6566
2023-08-09 20:17:22,0.6564,0.6567,0.6566,0.65664
2023-08-09 20:17:37,0.6567,0.6569,0.65675,0.65686
2023-08-09 20:17:52,0.6567,0.6568,0.65686,0.65687
2023-08-09 20:18:08,0.6568,0.6569,0.65682,0.65687
2023-08-09 20:18:23,0.6567,0.6569,0.65685,0.65686
2023-08-09 20:18:38,0.6563,0.6565,0.65641,0.65647
2023-08-09 20:18:53,0.6564,0.6566,0.65647,0.65656
2023-08-09 20:19:08,0.6565,0.6567,0.65657,0.65658
2023-08-09 20:19:23,0.6563,0.6565,0.65633,0.65645
2023-08-09 20:19:39,0.6563,0.6565,0.65636,0.6564
2023-08-09 20:19:54,0.6563,0.6565,0.65635,0.65639
2023-08-09 20:20:09,0.6564,0.6566,0.65639,0.6564
2023-08-09 20:20:24,0.6565,0.6567,0.65655,0.65667
2023-08-09 20:20:39,0.6566,0.6567,0.65655,0.65661
2023-08-09 20:20:55,0.6566,0.6568,0.65655,0.65665
2023-08-09 20:21:10,0.6565,0.6566,0.65653,0.65655
2023-08-09 20:21:25,0.6565,0.6566,0.65653,0.65656
2023-08-09 20:21:40,0.6566,0.6567,0.65652,0.65656
2023-08-09 20:21:55,0.6566,0.6567,0.6565,0.65654
2023-08-09 20:22:11,0.6561,0.6563,0.6565,0.65651
2023-08-09 20:22:26,0.6567,0.6569,0.65653,0.65661
2023-08-09 20:22:41,0.6567,0.6569,0.65676,0.65679
2023-08-09 20:22:56,0.6569,0.657,0.65692,0.65693
2023-08-09 20:23:11,0.6572,0.6574,0.65709,0.6571
2023-08-09 20:23:26,0.6573,0.6575,0.65733,0.65748
2023-08-09 20:23:42,0.6574,0.6576,0.6576,0.65768
2023-08-09 20:23:57,0.6571,0.6573,0.65731,0.65732
2023-08-09 20:24:12,0.6567,0.6569,0.65684,0.65685
2023-08-09 20:24:27,0.6566,0.6569,0.65676,0.65691
2023-08-09 20:24:42,0.6567,0.6569,0.6568,0.65687
2023-08-09 20:24:58,0.6566,0.6567,0.65658,0.65665
2023-08-09 20:25:13,0.6567,0.6568,0.65665,0.65671
2023-08-09 20:25:28,0.6564,0.6566,0.65665,0.65666
2023-08-09 20:25:43,0.6566,0.6569,0.65669,0.6567
2023-08-09 20:25:58,0.6562,0.6564,0.65638,0.6564
2023-08-09 20:26:14,0.6561,0.6563,0.65611,0.65617
2023-08-09 20:26:29,0.6557,0.656,0.65592,0.65599
2023-08-09 20:26:44,0.6556,0.6558,0.65586,0.65587
2023-08-09 20:26:59,0.6555,0.6557,0.65564,0.65565
2023-08-09 20:27:14,0.6556,0.6558,0.6556,0.6557
2023-08-09 20:27:29,0.6556,0.6558,0.65559,0.6556
2023-08-09 20:27:45,0.6556,0.6558,0.65559,0.6556
2023-08-09 20:28:00,0.6556,0.6558,0.65559,0.6556
2023-08-09 20:28:15,0.6552,0.6555,0.65525,0.65541
2023-08-09 20:28:30,0.6554,0.6556,0.65533,0.65544
2023-08-09 20:28:45,0.6554,0.6556,0.65538,0.65545
2023-08-09 20:29:01,0.6555,0.6558,0.65556,0.65561
2023-08-09 20:29:16,0.6557,0.6559,0.65579,0.65591
2023-08-09 20:29:31,0.6558,0.656,0.65577,0.6558
2023-08-09 20:29:46,0.6557,0.6559,0.65567,0.6557
2023-08-09 20:30:01,0.6557,0.6559,0.65575,0.65582
2023-08-09 20:30:17,0.656,0.6562,0.65605,0.65611
2023-08-09 20:30:32,0.6558,0.6561,0.65597,0.656
2023-08-09 20:30:47,0.656,0.6562,0.65612,0.65621
2023-08-09 20:31:02,0.6562,0.6564,0.65626,0.65631
2023-08-09 20:31:17,0.6562,0.6563,0.65633,0.6564
2023-08-09 20:31:32,0.6563,0.6565,0.65639,0.65645
2023-08-09 20:31:48,0.6563,0.6565,0.6564,0.65649
2023-08-09 20:32:03,0.6562,0.6564,0.65629,0.65636
2023-08-09 20:32:18,0.6563,0.6565,0.65627,0.6563
2023-08-09 20:32:33,0.656,0.6562,0.65613,0.6562
2023-08-09 20:32:48,0.656,0.6561,0.65609,0.65617
2023-08-09 20:33:04,0.6565,0.6566,0.65641,0.6565
2023-08-09 20:33:19,0.6564,0.6565,0.6564,0.65641
2023-08-09 20:33:34,0.6565,0.6567,0.65644,0.65651
2023-08-09 20:33:49,0.6563,0.6565,0.6563,0.65633
2023-08-09 20:34:04,0.6564,0.6565,0.65635,0.65641
2023-08-09 20:34:20,0.6561,0.6563,0.65614,0.6562
2023-08-09 20:34:35,0.6562,0.6564,0.65618,0.65621
2023-08-09 20:34:50,0.6563,0.6565,0.6563,0.65634
2023-08-09 20:35:05,0.6564,0.6566,0.65637,0.65641
2023-08-09 20:35:20,0.6564,0.6567,0.6564,0.65644
2023-08-09 20:35:36,0.656,0.6563,0.65608,0.65613
2023-08-09 20:35:51,0.6558,0.656,0.6558,0.65581
2023-08-09 20:36:06,0.6558,0.6562,0.65579,0.65591
2023-08-09 20:36:21,0.6559,0.6561,0.65582,0.65588
2023-08-09 20:36:36,0.6559,0.6561,0.65582,0.65587
2023-08-09 20:36:52,0.6558,0.656,0.6557,0.65574
2023-08-09 20:37:07,0.6558,0.656,0.65569,0.65574
2023-08-09 20:37:22,0.6559,0.6561,0.65568,0.65574
2023-08-09 20:37:37,0.6559,0.6561,0.65568,0.65574
2023-08-09 20:37:52,0.6555,0.6558,0.65563,0.65564
2023-08-09 20:38:07,0.6562,0.6565,0.6562,0.65631
2023-08-09 20:38:23,0.6564,0.6566,0.65641,0.65647
2023-08-09 20:38:38,0.6564,0.6566,0.65631,0.6564
2023-08-09 20:38:53,0.6563,0.6566,0.65633,0.65639
2023-08-09 20:39:08,0.6564,0.6565,0.65633,0.6564
2023-08-09 20:39:23,0.6565,0.6567,0.65644,0.65645
2023-08-09 20:39:39,0.6565,0.6567,0.65647,0.65651
2023-08-09 20:39:54,0.6565,0.6567,0.65642,0.65648
2023-08-09 20:40:09,0.6563,0.6566,0.65643,0.6565
2023-08-09 20:40:24,0.6566,0.6567,0.65649,0.65654
2023-08-09 20:40:40,0.6565,0.6566,0.65637,0.65644
2023-08-09 20:40:55,0.6565,0.6567,0.65637,0.65644
2023-08-09 20:41:10,0.6565,0.6567,0.65635,0.6564
2023-08-09 20:41:25,0.6564,0.6566,0.65636,0.65641
2023-08-09 20:41:40,0.6563,0.6565,0.65616,0.65625
2023-08-09 20:41:56,0.6563,0.6565,0.65619,0.65625
2023-08-09 20:42:11,0.6565,0.6567,0.65642,0.6565
2023-08-09 20:42:26,0.6565,0.6567,0.65642,0.6565
2023-08-09 20:42:41,0.6566,0.6567,0.65644,0.65645
2023-08-09 20:42:56,0.6566,0.6568,0.65644,0.6565
2023-08-09 20:43:12,0.6565,0.6567,0.65644,0.65646
2023-08-09 20:43:27,0.6565,0.6567,0.65644,0.65645
2023-08-09 20:43:42,0.6566,0.6568,0.65645,0.65648
2023-08-09 20:43:57,0.657,0.6571,0.65682,0.6569
2023-08-09 20:44:13,0.6571,0.6572,0.65684,0.65691
2023-08-09 20:44:28,0.657,0.6572,0.65687,0.65691
2023-08-09 20:44:43,0.6571,0.6572,0.65696,0.65701
2023-08-09 20:44:58,0.6571,0.6573,0.65701,0.6571
2023-08-09 20:45:13,0.6571,0.6574,0.65702,0.6571
2023-08-09 20:45:29,0.6569,0.6572,0.65684,0.65689
2023-08-09 20:45:44,0.6571,0.6573,0.65701,0.65711
2023-08-09 20:45:59,0.6572,0.6573,0.65713,0.65718
2023-08-09 20:46:14,0.6569,0.6571,0.65701,0.65708
2023-08-09 20:46:29,0.657,0.6572,0.65701,0.65702
2023-08-09 20:46:45,0.6571,0.6573,0.65703,0.65711
2023-08-09 20:47:00,0.6575,0.6577,0.65744,0.65745
2023-08-09 20:47:15,0.6574,0.6576,0.65735,0.65742
2023-08-09 20:47:30,0.6575,0.6577,0.65743,0.6575
2023-08-09 20:47:45,0.6577,0.658,0.65774,0.65779
2023-08-09 20:48:01,0.6577,0.658,0.65765,0.65769
2023-08-09 20:48:16,0.658,0.6583,0.65782,0.65783
2023-08-09 20:48:31,0.6581,0.6583,0.65807,0.6581
2023-08-09 20:48:46,0.6584,0.6587,0.65843,0.65851
2023-08-09 20:49:02,0.6585,0.6587,0.65842,0.6585
2023-08-09 20:49:17,0.6583,0.6586,0.65821,0.65831
2023-08-09 20:49:32,0.6584,0.6587,0.6583,0.65831
2023-08-09 20:49:47,0.6582,0.6584,0.65826,0.6583
2023-08-09 20:50:02,0.658,0.6582,0.65799,0.65809
2023-08-09 20:50:18,0.6578,0.658,0.6579,0.65795
2023-08-09 20:50:33,0.6579,0.6581,0.65794,0.65801
2023-08-09 20:50:48,0.6577,0.6581,0.65773,0.65785
2023-08-09 20:51:03,0.6576,0.6578,0.65762,0.65771
2023-08-09 20:51:18,0.6578,0.658,0.6577,0.65771
2023-08-09 20:51:34,0.6578,0.6581,0.6577,0.65771
2023-08-09 20:51:49,0.6578,0.6581,0.6577,0.65771
2023-08-09 20:52:04,0.6578,0.658,0.6577,0.65771
2023-08-09 20:52:19,0.6581,0.6582,0.65792,0.65801
2023-08-09 20:52:34,0.6576,0.6578,0.6575,0.6576
2023-08-09 20:52:50,0.6579,0.6581,0.6578,0.65781
2023-08-09 20:53:05,0.658,0.6582,0.65795,0.658
2023-08-09 20:53:20,0.658,0.6582,0.65785,0.65791
2023-08-09 20:53:35,0.6577,0.6579,0.65757,0.65768
2023-08-09 20:53:50,0.6576,0.6579,0.6576,0.65771
2023-08-09 20:54:06,0.6574,0.6575,0.65742,0.6575
2023-08-09 20:54:21,0.6573,0.6576,0.6573,0.65736
2023-08-09 20:54:36,0.6578,0.658,0.65747,0.65751
2023-08-09 20:54:51,0.6581,0.6584,0.658,0.65811
2023-08-09 20:55:07,0.6584,0.6586,0.65836,0.65841
2023-08-09 20:55:22,0.6584,0.6586,0.65834,0.65847
2023-08-09 20:55:37,0.6582,0.6584,0.65814,0.65823
2023-08-09 20:55:52,0.6584,0.6587,0.65836,0.6584
2023-08-09 20:56:07,0.6587,0.6589,0.65864,0.65868
2023-08-09 20:56:23,0.6592,0.6595,0.6591,0.65911
2023-08-09 20:56:38,0.6592,0.6595,0.65912,0.6592
2023-08-09 20:56:53,0.6589,0.6591,0.65884,0.65885
2023-08-09 20:57:08,0.6587,0.6589,0.65872,0.65876
2023-08-09 20:57:23,0.6582,0.6584,0.65824,0.65829
2023-08-09 20:57:39,0.6584,0.6586,0.65826,0.65827
2023-08-09 20:57:54,0.6583,0.6585,0.65826,0.65827
2023-08-09 20:58:09,0.659,0.6593,0.65894,0.65897
2023-08-09 20:58:24,0.6592,0.6594,0.65904,0.65915
2023-08-09 20:58:39,0.6594,0.6596,0.65926,0.65932
2023-08-09 20:58:55,0.6592,0.6595,0.65909,0.65916
2023-08-09 20:59:10,0.6594,0.6596,0.65929,0.65936
2023-08-09 20:59:25,0.6593,0.6595,0.65924,0.65929
2023-08-09 20:59:40,0.6592,0.6595,0.65911,0.65915
2023-08-09 20:59:55,0.6592,0.6595,0.65914,0.65915
2023-08-09 21:00:11,0.6595,0.6597,0.65957,0.65958
2023-08-09 21:00:26,0.6591,0.6593,0.65897,0.659
2023-08-09 21:00:41,0.6588,0.6591,0.65867,0.65868
2023-08-09 21:00:56,0.6574,0.6577,0.65761,0.65764
2023-08-09 21:01:11,0.6572,0.6574,0.65697,0.65709
2023-08-09 21:01:27,0.6568,0.657,0.6566,0.65666
2023-08-09 21:01:42,0.6564,0.6567,0.65625,0.65626
2023-08-09 21:01:57,0.6561,0.6565,0.65596,0.65597
2023-08-09 21:02:12,0.6563,0.6567,0.65624,0.6563
2023-08-09 21:02:27,0.6563,0.6567,0.65626,0.65632
2023-08-09 21:02:43,0.6565,0.6569,0.65643,0.65648
2023-08-09 21:02:58,0.6533,0.6537,0.65342,0.65348
2023-08-09 21:03:13,0.6541,0.6545,0.65433,0.65434
2023-08-09 21:03:28,0.6535,0.654,0.65376,0.65387
2023-08-09 21:03:44,0.6535,0.6537,0.65329,0.65335
2023-08-09 21:03:59,0.6504,0.6508,0.65033,0.65041
2023-08-09 21:04:14,0.6515,0.6519,0.65154,0.65156
2023-08-09 21:04:29,0.6511,0.6517,0.65146,0.65158
2023-08-09 21:04:44,0.6518,0.6523,0.65189,0.65201
2023-08-09 21:05:00,0.6518,0.6524,0.65201,0.6521
2023-08-09 21:05:15,0.6515,0.6519,0.65151,0.65158
2023-08-09 21:05:30,0.6513,0.6517,0.65136,0.65137
2023-08-09 21:05:45,0.6517,0.6522,0.6517,0.65179
2023-08-09 21:06:00,0.6519,0.6523,0.65197,0.65207
2023-08-09 21:06:16,0.6522,0.6528,0.65237,0.65245
2023-08-09 21:06:31,0.6518,0.6522,0.65189,0.65201
