timestamp,Binance_BTCTUSD_bid,Binance_BTCTUSD_ask,Deribit_BTCPERPETUAL_bid,Deribit_BTCPERPETUAL_ask,Bitget_BTCUSDTUMCBL_bid,Bitget_BTCUSDTUMCBL_ask
2023-08-03 19:41:29,29200.07,29200.92,29222.5,29223.0,29210.0,29210.5
2023-08-03 19:41:40,29199.58,29201.1,29222.5,29223.0,29210.0,29210.5
2023-08-03 19:42:34,29194.63,29195.99,29222.5,29223.0,29222.5,29223.0
2023-08-03 19:42:44,29191.34,29192.16,29216.5,29217.0,29210.5,29211.0
2023-08-03 19:42:55,29191.21,29192.14,29216.5,29217.0,29210.0,29210.5
2023-08-03 19:43:06,29195.65,29196.36,29219.0,29219.5,29212.0,29212.5
2023-08-03 19:43:17,29186.71,29187.53,29212.0,29212.5,29205.5,29206.0
2023-08-03 19:43:28,29187.43,29188.36,29211.0,29211.5,29203.5,29204.0
2023-08-03 19:43:39,29188.59,29189.59,29211.0,29211.5,29204.0,29206.5
2023-08-03 19:43:50,29188.75,29189.11,29211.0,29211.5,29204.0,29207.0
2023-08-03 19:44:00,29181.89,29182.35,29211.0,29211.5,29204.0,29204.5
2023-08-03 19:44:11,29186.82,29188.0,29211.0,29211.5,29204.5,29205.5
2023-08-03 19:44:22,29187.02,29187.67,29211.0,29211.5,29204.5,29205.5
2023-08-03 19:44:32,29185.58,29186.37,29211.0,29211.5,29204.5,29205.0
2023-08-03 19:44:43,29185.94,29186.53,29211.0,29211.5,29204.0,29204.5
2023-08-03 19:44:54,29188.77,29189.74,29211.0,29211.5,29204.5,29205.0
2023-08-03 19:45:05,29189.5,29189.9,29211.0,29211.5,29204.5,29205.0
2023-08-03 19:45:15,29188.32,29188.33,29211.0,29211.5,29204.5,29205.0
2023-08-03 19:45:26,29189.58,29190.55,29211.0,29211.5,29204.5,29205.0
2023-08-03 19:45:37,29191.05,29191.68,29211.0,29211.5,29204.5,29205.0
2023-08-03 19:45:47,29189.4,29189.98,29211.0,29211.5,29204.5,29205.0
2023-08-03 19:45:58,29187.55,29188.29,29211.0,29211.5,29204.5,29205.0
2023-08-03 19:46:09,29187.39,29187.52,29211.0,29211.5,29204.5,29205.0
2023-08-03 19:46:20,29183.35,29184.56,29211.0,29211.5,29204.5,29205.0
2023-08-03 19:46:31,29182.79,29183.04,29204.5,29205.0,29204.5,29205.0
2023-08-03 19:46:42,29187.37,29187.94,29204.5,29205.0,29201.5,29202.0
2023-08-03 19:46:52,29190.01,29191.0,29212.5,29213.0,29204.0,29204.5
2023-08-03 19:47:03,29187.94,29187.99,29212.5,29213.0,29204.0,29204.5
2023-08-03 19:47:14,29186.02,29186.94,29212.5,29213.0,29204.0,29204.5
2023-08-03 19:47:24,29186.56,29187.44,29212.5,29213.0,29204.5,29205.0
2023-08-03 19:47:36,29186.72,29187.12,29212.5,29213.0,29206.5,29207.0
2023-08-03 19:47:47,29193.22,29193.96,29212.5,29213.0,29207.0,29207.5
2023-08-03 19:47:58,29205.02,29205.81,29231.0,29231.5,29218.0,29218.5
2023-08-03 19:48:08,29207.69,29208.9,29231.0,29231.5,29218.0,29218.5
2023-08-03 19:48:19,29210.33,29210.66,29233.0,29233.5,29226.0,29226.5
2023-08-03 19:48:30,29214.32,29215.21,29233.0,29233.5,29226.5,29227.0
2023-08-03 19:48:41,29215.12,29216.27,29233.0,29233.5,29226.5,29227.0
2023-08-03 19:48:51,29217.98,29217.99,29245.0,29245.5,29237.0,29237.5
2023-08-03 19:49:02,29216.62,29217.49,29245.5,29246.0,29236.5,29237.0
2023-08-03 19:49:13,29217.39,29217.95,29245.0,29245.5,29234.5,29235.0
2023-08-03 19:49:24,29213.23,29214.36,29240.0,29240.5,29231.0,29233.0
2023-08-03 19:49:34,29207.28,29208.21,29228.5,29229.0,29226.0,29226.5
2023-08-03 19:49:45,29213.0,29213.99,29235.0,29235.5,29225.5,29226.0
2023-08-03 19:49:56,29212.89,29213.88,29238.5,29239.0,29226.5,29227.0
2023-08-03 19:50:06,29216.43,29217.89,29238.5,29239.0,29226.5,29227.0
2023-08-03 19:50:17,29224.43,29226.51,29246.5,29247.0,29234.5,29235.0
2023-08-03 19:50:28,29221.98,29223.0,29246.5,29247.0,29236.5,29237.0
2023-08-03 19:50:38,29218.6,29219.07,29246.5,29247.0,29235.5,29236.0
2023-08-03 19:50:49,29215.63,29217.0,29246.5,29247.0,29235.5,29236.0
2023-08-03 19:51:00,29213.42,29215.4,29240.5,29241.0,29234.0,29234.5
2023-08-03 19:51:11,29210.99,29212.83,29240.5,29241.0,29231.5,29232.0
2023-08-03 19:51:22,29212.0,29212.58,29238.5,29239.0,29228.5,29229.0
2023-08-03 19:51:33,29209.3,29209.97,29234.5,29235.0,29226.0,29226.5
2023-08-03 19:51:44,29205.22,29206.42,29230.0,29230.5,29225.5,29226.0
2023-08-03 19:51:56,29203.01,29203.81,29228.5,29229.0,29225.5,29226.0
2023-08-03 19:52:08,29204.77,29205.77,29228.5,29229.0,29222.0,29222.5
2023-08-03 19:52:18,29207.16,29207.65,29228.5,29229.0,29225.0,29225.5
2023-08-03 19:52:31,29210.04,29210.35,29239.0,29239.5,29225.0,29225.5
2023-08-03 19:52:42,29211.6,29212.03,29238.5,29239.0,29228.0,29228.5
2023-08-03 19:52:53,29211.03,29211.23,29238.5,29239.0,29228.0,29228.5
2023-08-03 19:53:04,29211.43,29212.37,29238.5,29239.0,29228.0,29228.5
2023-08-03 19:53:14,29206.5,29207.27,29231.5,29232.0,29225.0,29225.5
2023-08-03 19:53:27,29201.01,29201.85,29228.0,29228.5,29221.5,29222.0
2023-08-03 19:53:40,29201.12,29202.16,29227.5,29228.0,29219.0,29219.5
2023-08-03 19:56:34,29227.54,29228.84,29249.5,29250.0,29237.0,29237.5
2023-08-03 19:56:45,29227.61,29228.12,29253.0,29253.5,29237.0,29237.5
2023-08-03 19:56:56,29228.01,29228.62,29253.0,29253.5,29242.0,29242.5
2023-08-03 19:57:07,29226.97,29227.55,29253.0,29253.5,29242.0,29242.5
2023-08-03 19:57:17,29236.22,29237.67,29258.0,29258.5,29247.0,29247.5
2023-08-03 19:57:29,29236.02,29236.72,29258.5,29259.0,29251.0,29251.5
2023-08-03 19:57:39,29235.12,29235.94,29258.5,29259.0,29251.5,29252.0
2023-08-03 19:57:50,29234.61,29235.53,29258.5,29259.0,29251.5,29252.0
2023-08-03 19:58:01,29236.68,29237.72,29258.5,29259.0,29251.5,29252.0
2023-08-03 19:58:11,29237.0,29237.47,29258.5,29259.0,29253.0,29253.5
2023-08-03 19:58:22,29232.29,29232.97,29258.5,29259.0,29253.0,29253.5
2023-08-03 19:58:33,29232.5,29233.08,29258.5,29259.0,29249.5,29250.0
2023-08-03 19:58:44,29234.84,29236.12,29258.5,29259.0,29249.5,29250.0
2023-08-03 19:58:54,29233.02,29233.57,29258.5,29259.0,29249.5,29250.0
2023-08-03 19:59:05,29237.06,29237.82,29258.5,29259.0,29249.5,29250.0
2023-08-03 19:59:16,29235.11,29236.07,29258.5,29259.0,29250.5,29251.0
2023-08-03 19:59:27,29233.07,29233.97,29258.5,29259.0,29250.5,29251.0
2023-08-03 19:59:38,29234.1,29234.68,29258.5,29259.0,29250.5,29251.0
2023-08-03 19:59:49,29235.81,29236.78,29258.5,29259.0,29250.5,29251.0
2023-08-03 19:59:59,29233.57,29234.19,29258.5,29259.0,29251.0,29251.5
2023-08-03 20:00:10,29232.98,29233.61,29258.5,29259.0,29251.0,29251.5
2023-08-03 20:00:20,29229.54,29230.32,29258.5,29259.0,29251.0,29251.5
2023-08-03 20:00:32,29227.61,29227.97,29258.5,29259.0,29250.5,29251.0
2023-08-03 20:00:42,29227.35,29228.35,29258.5,29259.0,29247.0,29247.5
2023-08-03 20:00:53,29226.48,29227.29,29258.5,29259.0,29245.5,29246.0
2023-08-03 20:01:04,29228.06,29228.63,29258.5,29259.0,29245.5,29246.0
2023-08-03 20:01:15,29228.76,29229.21,29258.5,29259.0,29245.5,29246.0
2023-08-03 20:01:25,29229.74,29230.55,29257.0,29257.5,29247.0,29247.5
2023-08-03 20:01:36,29230.55,29230.66,29257.0,29257.5,29247.0,29247.5
2023-08-03 20:01:47,29229.53,29230.04,29257.0,29257.5,29247.0,29247.5
2023-08-03 20:01:58,29228.46,29229.2,29257.0,29257.5,29245.5,29246.0
2023-08-03 20:02:09,29237.42,29237.83,29258.5,29259.0,29245.5,29246.0
2023-08-03 20:02:19,29235.02,29235.67,29258.5,29259.0,29249.0,29249.5
2023-08-03 20:02:31,29235.36,29235.81,29258.5,29259.0,29249.0,29249.5
2023-08-03 20:02:41,29234.54,29234.9,29258.5,29259.0,29249.0,29249.5
2023-08-03 20:02:52,29236.0,29236.7,29258.5,29259.0,29250.5,29251.0
2023-08-03 20:03:03,29231.42,29232.26,29258.5,29259.0,29250.5,29251.0
2023-08-03 20:03:13,29228.69,29229.32,29258.5,29259.0,29248.5,29249.0
2023-08-03 20:03:24,29229.31,29229.98,29258.5,29259.0,29248.5,29249.0
2023-08-03 20:03:35,29228.47,29229.46,29258.5,29259.0,29248.5,29249.0
2023-08-03 20:03:45,29228.78,29228.81,29258.5,29259.0,29248.5,29249.0
2023-08-03 20:03:56,29229.24,29229.59,29258.5,29259.0,29248.5,29249.0
2023-08-03 20:04:07,29228.11,29228.87,29258.5,29259.0,29248.5,29249.0
2023-08-03 20:04:18,29228.31,29229.0,29258.5,29259.0,29248.5,29249.0
2023-08-03 20:04:28,29228.91,29229.12,29258.5,29259.0,29248.5,29249.0
2023-08-03 20:04:40,29229.4,29229.98,29258.5,29259.0,29248.5,29249.0
2023-08-03 20:04:50,29228.59,29229.47,29258.5,29259.0,29247.5,29248.0
2023-08-03 20:05:01,29228.93,29229.33,29258.5,29259.0,29247.5,29248.0
2023-08-03 20:05:14,29224.0,29225.18,29258.5,29259.0,29245.0,29245.5
2023-08-03 20:05:24,29225.09,29225.57,29258.5,29259.0,29244.5,29245.0
2023-08-03 20:05:36,29222.8,29223.59,29255.5,29256.0,29243.0,29243.5
2023-08-03 20:05:47,29222.49,29222.99,29254.5,29255.0,29243.0,29243.5
2023-08-03 20:06:00,29228.39,29229.48,29258.5,29259.0,29245.0,29245.5
2023-08-03 20:06:11,29234.0,29234.52,29264.5,29265.0,29248.0,29248.5
2023-08-03 20:06:21,29233.64,29234.42,29264.5,29265.0,29249.5,29250.0
2023-08-03 20:06:32,29234.49,29235.89,29264.5,29265.0,29249.5,29250.0
2023-08-03 20:06:43,29235.13,29235.65,29264.5,29265.0,29249.5,29250.0
2023-08-03 20:06:53,29237.05,29238.16,29264.5,29265.0,29249.5,29250.0
2023-08-03 20:07:05,29236.35,29236.42,29264.5,29265.0,29250.5,29251.0
2023-08-03 20:07:15,29234.53,29235.15,29264.5,29265.0,29250.0,29250.5
2023-08-03 20:07:26,29234.12,29234.82,29264.5,29265.0,29250.0,29250.5
2023-08-03 20:07:37,29234.92,29235.67,29264.5,29265.0,29250.0,29250.5
2023-08-03 20:07:48,29234.94,29235.57,29264.5,29265.0,29250.0,29250.5
2023-08-03 20:07:58,29234.9,29235.44,29264.5,29265.0,29250.0,29250.5
2023-08-03 20:08:09,29235.58,29236.12,29264.5,29265.0,29249.5,29250.0
2023-08-03 20:08:20,29236.26,29236.9,29264.5,29265.0,29250.0,29250.5
2023-08-03 20:08:31,29232.86,29233.87,29264.5,29265.0,29250.0,29250.5
2023-08-03 20:08:42,29233.11,29233.62,29264.5,29265.0,29250.0,29250.5
2023-08-03 20:08:52,29233.58,29234.66,29264.5,29265.0,29249.5,29250.0
2023-08-03 20:09:03,29234.39,29235.57,29264.5,29265.0,29249.5,29250.0
2023-08-03 20:09:13,29236.68,29237.15,29264.5,29265.0,29249.5,29250.0
2023-08-03 20:09:24,29235.77,29236.34,29264.5,29265.0,29249.5,29250.0
2023-08-03 20:09:35,29235.61,29236.18,29264.5,29265.0,29249.5,29250.0
2023-08-03 20:09:46,29234.85,29235.63,29264.5,29265.0,29249.5,29250.0
2023-08-03 20:09:56,29234.63,29235.2,29264.5,29265.0,29249.5,29250.0
2023-08-03 20:10:07,29231.19,29231.3,29264.5,29265.0,29249.5,29250.0
2023-08-03 20:10:20,29233.01,29233.94,29264.5,29265.0,29249.5,29250.0
2023-08-03 20:10:31,29228.33,29229.54,29264.5,29265.0,29249.5,29250.0
2023-08-03 20:10:44,29225.79,29225.92,29259.0,29259.5,29247.5,29248.0
2023-08-03 20:10:57,29225.45,29226.11,29259.0,29259.5,29247.5,29248.0
2023-08-03 20:11:10,29221.0,29221.57,29254.5,29255.0,29245.0,29245.5
2023-08-03 20:11:22,29218.03,29218.99,29253.0,29253.5,29242.0,29242.5
2023-08-03 20:11:34,29211.01,29212.04,29243.0,29243.5,29229.0,29229.5
2023-08-03 20:11:45,29208.04,29208.89,29240.0,29240.5,29227.0,29227.5
2023-08-03 20:11:57,29206.89,29207.19,29238.5,29239.0,29226.0,29226.5
2023-08-03 20:12:10,29205.6,29206.75,29238.0,29238.5,29225.0,29225.5
2023-08-03 20:12:22,29207.7,29208.7,29238.0,29238.5,29225.0,29225.5
2023-08-03 20:12:33,29206.24,29207.37,29238.0,29238.5,29225.0,29225.5
2023-08-03 20:12:44,29212.91,29213.94,29241.5,29242.0,29225.0,29225.5
2023-08-03 20:12:55,29212.83,29213.17,29241.5,29242.0,29229.0,29229.5
2023-08-03 20:13:05,29209.56,29210.87,29239.0,29239.5,29228.5,29229.0
2023-08-03 20:13:16,29208.54,29209.58,29239.0,29239.5,29228.5,29229.0
2023-08-03 20:13:28,29206.24,29207.39,29239.0,29239.5,29227.0,29227.5
2023-08-03 20:13:41,29205.56,29206.44,29239.0,29239.5,29225.0,29225.5
2023-08-03 20:13:55,29205.2,29206.45,29237.5,29238.0,29225.0,29225.5
2023-08-03 20:14:07,29205.48,29206.0,29236.0,29236.5,29223.0,29223.5
2023-08-03 20:14:18,29204.21,29204.98,29234.0,29234.5,29220.0,29220.5
2023-08-03 20:14:29,29203.46,29204.23,29234.0,29234.5,29221.0,29221.5
2023-08-03 20:14:39,29201.35,29201.95,29230.5,29231.0,29217.5,29218.0
2023-08-03 20:14:50,29203.91,29204.16,29230.5,29231.0,29217.5,29218.0
2023-08-03 20:15:01,29202.74,29203.89,29230.5,29231.0,29217.5,29218.0
2023-08-03 20:15:11,29199.64,29200.7,29230.5,29231.0,29217.0,29217.5
2023-08-03 20:15:22,29197.44,29198.14,29228.0,29228.5,29216.0,29216.5
2023-08-03 20:15:34,29197.07,29197.96,29227.0,29227.5,29213.0,29213.5
2023-08-03 20:15:45,29194.31,29195.32,29224.5,29225.0,29212.5,29213.0
2023-08-03 20:15:56,29195.76,29196.71,29224.5,29225.0,29212.5,29213.0
2023-08-03 20:16:07,29191.44,29192.01,29224.5,29225.0,29212.5,29213.0
2023-08-03 20:16:19,29188.09,29188.98,29223.0,29223.5,29211.0,29211.5
2023-08-03 20:16:32,29191.42,29192.24,29221.5,29222.0,29207.0,29207.5
2023-08-03 20:16:42,29194.68,29195.43,29221.5,29222.0,29208.0,29208.5
2023-08-03 20:16:53,29194.43,29194.79,29221.5,29222.0,29208.0,29208.5
2023-08-03 20:17:04,29185.82,29186.55,29216.5,29217.0,29206.5,29207.0
2023-08-03 20:17:17,29187.27,29187.98,29214.5,29215.0,29206.5,29207.0
2023-08-03 20:17:30,29187.94,29188.39,29214.5,29215.0,29205.0,29205.5
2023-08-03 20:17:41,29184.19,29185.64,29214.5,29215.0,29204.5,29205.0
2023-08-03 20:17:55,29194.32,29195.41,29220.5,29221.0,29203.5,29204.0
2023-08-03 20:18:05,29195.12,29195.9,29220.5,29221.0,29208.0,29208.5
2023-08-03 20:18:16,29190.35,29190.99,29220.5,29221.0,29206.0,29206.5
2023-08-03 20:18:27,29190.06,29190.66,29217.5,29218.0,29205.5,29206.0
2023-08-03 20:18:38,29190.08,29190.47,29217.5,29218.0,29205.5,29206.0
2023-08-03 20:18:48,29192.12,29193.11,29217.5,29218.0,29206.5,29207.0
2023-08-03 20:18:59,29192.54,29193.48,29217.5,29218.0,29206.5,29207.0
2023-08-03 20:19:10,29185.66,29186.62,29213.5,29214.0,29203.0,29203.5
2023-08-03 20:19:20,29187.02,29187.59,29213.5,29214.0,29203.0,29203.5
2023-08-03 20:19:31,29191.46,29192.29,29213.5,29214.0,29204.5,29205.0
2023-08-03 20:19:42,29193.88,29194.44,29221.5,29222.0,29206.5,29207.0
2023-08-03 20:19:53,29192.21,29192.52,29221.5,29222.0,29206.5,29207.0
2023-08-03 20:20:04,29189.0,29189.06,29220.0,29220.5,29204.5,29205.0
2023-08-03 20:20:15,29185.74,29186.48,29215.0,29215.5,29204.5,29205.0
2023-08-03 20:20:27,29185.72,29187.41,29213.5,29214.0,29200.0,29200.5
2023-08-03 20:20:38,29191.24,29191.75,29213.5,29214.0,29202.0,29202.5
2023-08-03 20:20:49,29190.0,29190.54,29213.5,29214.0,29202.5,29203.0
2023-08-03 20:21:00,29193.69,29194.94,29215.0,29215.5,29205.5,29206.0
2023-08-03 20:21:11,29192.14,29192.99,29215.0,29215.5,29205.5,29206.0
2023-08-03 20:21:21,29197.02,29197.67,29221.0,29221.5,29208.0,29208.5
2023-08-03 20:21:32,29197.46,29197.94,29221.0,29221.5,29208.0,29208.5
2023-08-03 20:21:43,29198.06,29198.56,29221.0,29221.5,29210.0,29210.5
2023-08-03 20:21:54,29198.22,29198.35,29221.0,29221.5,29210.0,29210.5
2023-08-03 20:22:05,29196.74,29197.35,29221.0,29221.5,29210.0,29210.5
2023-08-03 20:22:16,29194.01,29194.41,29221.0,29221.5,29208.5,29209.0
2023-08-03 20:22:27,29192.3,29193.12,29221.0,29221.5,29208.0,29208.5
2023-08-03 20:22:37,29192.57,29193.45,29221.0,29221.5,29208.0,29208.5
2023-08-03 20:22:48,29193.96,29194.47,29221.0,29221.5,29208.0,29208.5
2023-08-03 20:22:58,29198.91,29198.92,29221.0,29221.5,29209.5,29210.0
2023-08-03 20:23:09,29198.91,29199.05,29221.0,29221.5,29211.0,29211.5
2023-08-03 20:23:20,29198.73,29198.83,29221.0,29221.5,29211.0,29211.5
2023-08-03 20:23:31,29199.23,29199.87,29221.0,29221.5,29211.0,29211.5
2023-08-03 20:23:42,29199.47,29199.92,29221.0,29221.5,29211.0,29211.5
2023-08-03 20:23:53,29200.27,29201.03,29231.0,29231.5,29216.0,29216.5
2023-08-03 20:24:05,29197.08,29197.66,29225.0,29225.5,29214.0,29214.5
2023-08-03 20:24:16,29194.1,29194.58,29225.0,29225.5,29212.0,29212.5
2023-08-03 20:24:29,29195.03,29195.66,29222.5,29223.0,29211.0,29211.5
2023-08-03 20:24:40,29194.7,29195.01,29222.0,29222.5,29210.5,29211.0
2023-08-03 20:24:53,29193.13,29193.48,29222.0,29222.5,29210.5,29211.0
2023-08-03 20:25:06,29196.69,29196.8,29222.0,29222.5,29210.5,29211.0
2023-08-03 20:25:16,29196.78,29197.06,29222.0,29222.5,29210.5,29211.0
2023-08-03 20:25:27,29197.89,29198.14,29222.0,29222.5,29211.0,29211.5
2023-08-03 20:25:38,29196.99,29197.39,29222.0,29222.5,29211.0,29211.5
2023-08-03 20:25:49,29200.45,29200.98,29224.5,29225.0,29211.0,29211.5
2023-08-03 20:25:59,29197.82,29199.13,29230.0,29230.5,29216.5,29217.0
2023-08-03 20:26:13,29202.33,29203.41,29230.0,29230.5,29215.5,29216.0
2023-08-03 20:26:24,29207.75,29208.35,29232.0,29232.5,29222.5,29223.0
2023-08-03 20:26:35,29205.76,29206.37,29232.0,29232.5,29221.5,29222.0
2023-08-03 20:26:48,29205.54,29205.98,29232.0,29232.5,29220.5,29221.0
2023-08-03 20:26:59,29209.02,29209.43,29232.0,29232.5,29221.0,29221.5
2023-08-03 20:27:09,29210.47,29211.01,29232.0,29232.5,29222.0,29222.5
2023-08-03 20:27:20,29211.05,29212.0,29232.0,29232.5,29224.5,29225.0
2023-08-03 20:27:31,29210.32,29211.0,29232.0,29232.5,29225.5,29226.0
2023-08-03 20:27:42,29210.87,29211.43,29232.0,29232.5,29225.5,29226.0
2023-08-03 20:27:53,29214.3,29215.41,29234.5,29235.0,29225.5,29226.0
2023-08-03 20:28:03,29211.21,29211.66,29234.5,29235.0,29227.0,29227.5
2023-08-03 20:28:14,29210.99,29211.94,29234.5,29235.0,29227.0,29227.5
2023-08-03 20:28:25,29210.55,29211.23,29234.5,29235.0,29227.0,29227.5
2023-08-03 20:28:36,29217.11,29217.88,29239.5,29240.0,29229.5,29230.0
2023-08-03 20:28:47,29215.39,29216.19,29239.5,29240.0,29232.5,29233.0
2023-08-03 20:28:57,29215.24,29215.91,29239.5,29240.0,29232.5,29233.0
2023-08-03 20:29:08,29214.62,29215.25,29239.5,29240.0,29232.5,29233.0
2023-08-03 20:29:19,29211.36,29212.97,29239.5,29240.0,29229.0,29230.0
2023-08-03 20:29:29,29216.69,29217.15,29239.5,29240.0,29229.0,29229.5
2023-08-03 20:29:40,29215.66,29215.95,29239.5,29240.0,29229.0,29229.5
2023-08-03 20:29:50,29213.2,29213.71,29239.5,29240.0,29229.0,29229.5
2023-08-03 20:30:01,29213.35,29214.72,29239.5,29240.0,29229.0,29229.5
2023-08-03 20:30:12,29214.78,29215.37,29239.5,29240.0,29229.0,29229.5
2023-08-03 20:30:23,29214.82,29215.51,29239.5,29240.0,29229.0,29229.5
2023-08-03 20:30:34,29212.28,29213.36,29239.5,29240.0,29229.0,29229.5
2023-08-03 20:30:44,29214.79,29215.21,29239.5,29240.0,29229.0,29229.5
2023-08-03 20:30:55,29214.77,29215.06,29239.5,29240.0,29229.0,29229.5
2023-08-03 20:31:06,29218.22,29219.14,29239.5,29240.0,29229.0,29229.5
2023-08-03 20:31:17,29218.3,29219.32,29242.5,29243.0,29230.5,29231.0
2023-08-03 20:31:27,29218.5,29218.82,29243.5,29244.0,29230.5,29231.0
2023-08-03 20:31:38,29217.02,29217.2,29243.5,29244.0,29230.5,29231.0
2023-08-03 20:31:49,29217.05,29217.37,29243.5,29244.0,29230.5,29231.0
2023-08-03 20:32:00,29216.91,29217.35,29243.5,29244.0,29230.5,29231.0
2023-08-03 20:32:11,29222.25,29223.58,29249.0,29249.5,29232.0,29232.5
2023-08-03 20:32:21,29220.24,29220.86,29250.0,29250.5,29233.0,29233.5
2023-08-03 20:32:32,29219.6,29220.19,29250.0,29250.5,29234.0,29234.5
2023-08-03 20:32:43,29219.15,29219.44,29250.0,29250.5,29234.0,29234.5
2023-08-03 20:32:54,29219.01,29219.68,29250.0,29250.5,29234.0,29234.5
2023-08-03 20:33:04,29220.43,29220.61,29250.0,29250.5,29234.0,29234.5
2023-08-03 20:33:15,29219.72,29219.88,29250.0,29250.5,29234.0,29234.5
2023-08-03 20:33:26,29219.26,29219.92,29250.0,29250.5,29234.0,29234.5
2023-08-03 20:33:37,29218.85,29219.23,29250.0,29250.5,29234.0,29234.5
2023-08-03 20:33:48,29219.27,29219.65,29250.0,29250.5,29234.0,29234.5
2023-08-03 20:33:59,29220.75,29221.33,29250.0,29250.5,29234.0,29234.5
2023-08-03 20:34:10,29223.73,29224.52,29250.0,29250.5,29234.5,29235.0
2023-08-03 20:34:20,29225.48,29226.44,29253.0,29253.5,29234.5,29235.0
2023-08-03 20:34:31,29226.25,29227.07,29255.0,29255.5,29241.5,29242.0
2023-08-03 20:34:42,29228.0,29228.44,29255.0,29255.5,29241.5,29242.0
2023-08-03 20:34:52,29226.37,29227.33,29255.0,29255.5,29241.5,29242.0
2023-08-03 20:35:03,29229.46,29230.08,29255.0,29255.5,29242.5,29243.0
2023-08-03 20:35:14,29233.32,29233.91,29264.0,29264.5,29250.0,29250.5
2023-08-03 20:35:25,29235.9,29236.61,29264.0,29264.5,29252.0,29252.5
2023-08-03 20:35:35,29234.67,29235.22,29264.0,29264.5,29252.0,29252.5
2023-08-03 20:35:46,29234.41,29235.23,29264.0,29264.5,29252.0,29252.5
2023-08-03 20:35:57,29233.69,29234.6,29264.0,29264.5,29252.0,29252.5
2023-08-03 20:36:08,29232.1,29232.84,29264.0,29264.5,29252.0,29252.5
2023-08-03 20:36:18,29233.18,29233.68,29264.0,29264.5,29249.5,29250.0
2023-08-03 20:36:29,29233.31,29234.18,29264.0,29264.5,29249.5,29250.0
2023-08-03 20:36:40,29232.48,29232.97,29264.0,29264.5,29249.5,29250.0
2023-08-03 20:36:50,29236.79,29237.06,29264.0,29264.5,29249.5,29250.0
2023-08-03 20:37:01,29235.64,29237.11,29264.0,29264.5,29249.5,29250.0
2023-08-03 20:37:12,29235.4,29235.91,29264.0,29264.5,29252.5,29253.0
2023-08-03 20:37:23,29234.84,29235.48,29264.0,29264.5,29252.5,29253.0
2023-08-03 20:37:34,29234.7,29235.28,29264.0,29264.5,29252.5,29253.0
2023-08-03 20:37:44,29237.18,29237.85,29264.0,29264.5,29252.5,29253.0
2023-08-03 20:37:55,29237.11,29237.78,29264.0,29264.5,29252.5,29253.0
2023-08-03 20:38:06,29237.51,29237.98,29264.0,29264.5,29252.5,29253.0
2023-08-03 20:38:17,29246.0,29246.71,29267.0,29267.5,29263.5,29264.0
2023-08-03 20:38:28,29244.38,29245.55,29275.5,29276.0,29261.0,29261.5
2023-08-03 20:38:38,29241.02,29241.54,29275.5,29276.0,29261.0,29261.5
2023-08-03 20:38:49,29241.45,29241.81,29275.5,29276.0,29261.0,29261.5
2023-08-03 20:39:00,29241.48,29242.51,29275.5,29276.0,29261.0,29261.5
2023-08-03 20:39:11,29236.6,29237.59,29266.5,29267.0,29256.0,29256.5
2023-08-03 20:39:21,29237.69,29238.2,29266.5,29267.0,29256.0,29256.5
2023-08-03 20:39:32,29236.03,29236.12,29267.0,29267.5,29256.0,29256.5
2023-08-03 20:39:43,29235.63,29236.09,29267.0,29267.5,29256.0,29256.5
2023-08-03 20:39:54,29235.55,29235.64,29267.0,29267.5,29256.0,29256.5
2023-08-03 20:40:04,29234.86,29235.75,29267.0,29267.5,29255.0,29255.5
2023-08-03 20:40:16,29234.1,29234.51,29267.0,29267.5,29256.0,29256.5
2023-08-03 20:40:26,29235.52,29235.99,29267.0,29267.5,29256.0,29256.5
2023-08-03 20:40:37,29242.44,29243.26,29269.5,29270.0,29256.0,29256.5
2023-08-03 20:40:48,29241.47,29242.53,29272.5,29273.0,29258.5,29259.0
2023-08-03 20:40:59,29239.0,29239.69,29272.5,29273.0,29258.5,29259.0
2023-08-03 20:41:09,29247.31,29248.72,29275.5,29276.0,29261.5,29262.0
2023-08-03 20:41:20,29249.25,29250.41,29275.5,29276.0,29262.5,29263.0
2023-08-03 20:41:31,29251.36,29252.35,29275.5,29276.0,29265.5,29266.0
2023-08-03 20:41:41,29248.61,29249.45,29275.5,29276.0,29266.0,29266.5
2023-08-03 20:41:52,29253.79,29254.52,29275.5,29276.0,29266.5,29267.0
2023-08-03 20:42:03,29252.09,29252.97,29278.5,29279.0,29270.5,29271.0
2023-08-03 20:42:14,29251.34,29252.24,29278.5,29279.0,29272.0,29272.5
2023-08-03 20:42:25,29251.43,29252.05,29278.5,29279.0,29272.0,29272.5
2023-08-03 20:42:35,29247.51,29248.21,29278.5,29279.0,29272.0,29272.5
2023-08-03 20:42:46,29246.14,29247.08,29278.5,29279.0,29271.0,29271.5
2023-08-03 20:42:57,29246.64,29247.48,29278.5,29279.0,29271.0,29271.5
2023-08-03 20:43:08,29245.57,29245.73,29278.5,29279.0,29271.0,29271.5
2023-08-03 20:43:18,29245.27,29245.84,29278.5,29279.0,29271.0,29271.5
2023-08-03 20:43:29,29245.12,29245.65,29278.5,29279.0,29267.0,29267.5
2023-08-03 20:43:40,29244.88,29245.79,29278.5,29279.0,29267.0,29267.5
2023-08-03 20:43:51,29244.65,29245.71,29278.5,29279.0,29267.0,29267.5
2023-08-03 20:44:01,29241.62,29242.21,29278.5,29279.0,29264.0,29264.5
2023-08-03 20:44:12,29241.98,29242.54,29276.0,29276.5,29264.0,29264.5
2023-08-03 20:44:22,29241.42,29242.53,29276.0,29276.5,29263.5,29264.0
2023-08-03 20:44:33,29241.29,29241.45,29274.5,29275.0,29262.5,29263.0
2023-08-03 20:44:44,29240.15,29240.91,29274.5,29275.0,29261.5,29262.0
2023-08-03 20:44:54,29238.36,29239.12,29272.0,29272.5,29260.0,29260.5
2023-08-03 20:45:05,29236.11,29237.4,29269.5,29270.0,29259.0,29259.5
2023-08-03 20:45:16,29231.73,29232.88,29267.0,29267.5,29254.0,29255.0
2023-08-03 20:45:27,29232.0,29233.05,29267.0,29267.5,29254.0,29254.5
2023-08-03 20:45:38,29231.99,29232.61,29265.5,29266.0,29253.5,29254.5
2023-08-03 20:45:49,29231.65,29232.41,29265.5,29266.0,29253.5,29254.0
2023-08-03 20:46:00,29243.62,29244.72,29270.0,29270.5,29255.5,29256.0
2023-08-03 20:46:10,29244.46,29245.31,29273.5,29274.0,29261.5,29262.0
2023-08-03 20:46:21,29244.37,29244.82,29273.5,29274.0,29261.5,29262.0
2023-08-03 20:46:32,29246.02,29247.22,29273.5,29274.0,29262.5,29263.0
2023-08-03 20:46:43,29246.26,29247.15,29273.5,29274.0,29263.0,29263.5
2023-08-03 20:46:53,29245.37,29246.37,29273.5,29274.0,29263.0,29263.5
2023-08-03 20:47:04,29242.67,29243.58,29273.5,29274.0,29261.5,29262.0
2023-08-03 20:47:15,29241.83,29242.76,29273.5,29274.0,29261.5,29262.0
2023-08-03 20:47:26,29238.26,29239.36,29273.5,29274.0,29261.5,29262.0
2023-08-03 20:47:37,29235.06,29235.69,29273.5,29274.0,29256.0,29256.5
2023-08-03 20:47:47,29237.2,29237.66,29273.5,29274.0,29256.5,29257.0
2023-08-03 20:47:58,29237.31,29237.34,29273.5,29274.0,29256.0,29256.5
2023-08-03 20:48:09,29236.69,29237.13,29273.5,29274.0,29256.0,29256.5
2023-08-03 20:48:20,29236.36,29236.85,29273.5,29274.0,29256.0,29256.5
2023-08-03 20:48:30,29242.15,29242.66,29273.5,29274.0,29257.0,29257.5
2023-08-03 20:48:41,29242.09,29242.86,29273.5,29274.0,29257.0,29257.5
2023-08-03 20:48:52,29245.06,29246.19,29273.5,29274.0,29259.0,29259.5
2023-08-03 20:49:03,29242.67,29243.59,29273.5,29274.0,29259.0,29259.5
2023-08-03 20:49:14,29244.31,29244.95,29273.5,29274.0,29259.5,29260.0
2023-08-03 20:49:25,29240.94,29241.35,29273.5,29274.0,29259.5,29260.0
2023-08-03 20:49:36,29239.08,29239.51,29273.5,29274.0,29258.5,29259.0
2023-08-03 20:49:46,29239.72,29240.22,29273.5,29274.0,29258.5,29259.0
2023-08-03 20:49:57,29239.05,29240.03,29273.5,29274.0,29258.5,29259.0
2023-08-03 20:50:08,29244.34,29245.03,29273.5,29274.0,29261.5,29262.0
2023-08-03 20:50:19,29244.01,29244.42,29273.5,29274.0,29261.5,29262.0
2023-08-03 20:50:29,29250.8,29252.0,29278.5,29279.0,29265.5,29266.0
2023-08-03 20:50:40,29247.86,29248.51,29278.5,29279.0,29266.0,29266.5
2023-08-04 08:57:51,29177.32,29178.2,29199.0,29199.5,29191.5,29192.0
2023-08-04 08:58:01,29178.04,29178.48,29199.0,29199.5,29191.5,29192.0
2023-08-04 08:58:12,29179.97,29180.36,29199.0,29199.5,29191.5,29192.0
2023-08-04 08:58:23,29174.66,29175.72,29199.0,29199.5,29191.5,29192.0
2023-08-04 08:58:37,29178.22,29179.06,29199.0,29199.5,29191.0,29191.5
2023-08-04 08:58:48,29179.11,29180.0,29199.0,29199.5,29192.5,29193.0
2023-08-04 08:58:58,29178.21,29179.08,29199.0,29199.5,29192.5,29193.0
2023-08-04 08:59:09,29177.24,29177.91,29199.0,29199.5,29192.5,29193.0
2023-08-04 08:59:20,29180.82,29181.36,29199.0,29199.5,29192.5,29193.0
2023-08-04 08:59:31,29182.15,29182.83,29199.0,29199.5,29192.5,29193.0
2023-08-04 08:59:38,29182.37,29183.13,29199.0,29199.5,29193.5,29194.0
2023-08-04 08:59:49,29177.7,29179.43,29199.0,29199.5,29194.5,29195.0
2023-08-04 09:00:00,29178.07,29178.9,29199.0,29199.5,29193.5,29194.0
2023-08-04 09:00:11,29178.03,29179.82,29205.0,29205.5,29203.5,29204.0
2023-08-04 09:00:22,29178.08,29179.58,29205.0,29205.5,29192.5,29193.0
2023-08-04 09:00:32,29182.02,29182.48,29205.0,29205.5,29196.0,29196.5
2023-08-04 09:00:43,29179.03,29180.4,29205.0,29205.5,29194.5,29195.5
2023-08-04 09:00:54,29181.33,29182.04,29205.0,29205.5,29195.0,29195.5
2023-08-04 09:01:05,29184.2,29185.2,29205.0,29205.5,29195.0,29195.5
2023-08-04 09:01:16,29182.66,29183.57,29205.0,29205.5,29196.0,29196.5
2023-08-04 09:01:27,29179.45,29180.62,29205.0,29205.5,29195.0,29195.5
2023-08-04 09:01:37,29179.87,29180.22,29205.0,29205.5,29196.0,29196.5
2023-08-04 09:01:48,29181.57,29182.42,29205.0,29205.5,29196.0,29196.5
2023-08-04 09:01:59,29181.18,29182.09,29205.0,29205.5,29196.0,29196.5
2023-08-04 09:02:10,29178.15,29178.89,29205.0,29205.5,29195.0,29195.5
2023-08-04 09:02:20,29180.7,29181.76,29205.0,29205.5,29195.0,29195.5
2023-08-04 09:02:31,29179.93,29180.55,29205.0,29205.5,29194.5,29195.0
2023-08-04 09:02:42,29184.87,29184.99,29205.0,29205.5,29195.5,29196.0
2023-08-04 09:02:53,29187.42,29187.99,29208.5,29209.0,29197.5,29198.0
2023-08-04 09:03:04,29184.35,29185.32,29208.5,29209.0,29199.5,29200.0
2023-08-04 09:03:15,29189.1,29189.63,29208.5,29209.0,29202.0,29202.5
2023-08-04 09:03:25,29189.74,29190.81,29208.5,29209.0,29203.0,29203.5
2023-08-04 09:03:36,29188.55,29189.48,29208.5,29209.0,29204.0,29204.5
2023-08-04 09:03:47,29187.9,29189.04,29208.5,29209.0,29204.0,29204.5
2023-08-04 09:03:58,29188.17,29188.79,29208.5,29209.0,29204.0,29204.5
2023-08-04 09:04:08,29184.9,29186.0,29208.5,29209.0,29203.5,29204.0
2023-08-04 09:04:20,29181.31,29182.74,29208.5,29209.0,29196.5,29197.0
2023-08-04 09:04:31,29180.34,29180.98,29208.5,29209.0,29196.0,29196.5
2023-08-04 09:04:41,29183.72,29185.37,29208.5,29209.0,29196.5,29197.0
2023-08-04 09:04:52,29187.36,29188.22,29208.5,29209.0,29197.5,29198.0
2023-08-04 09:05:03,29188.86,29189.91,29208.5,29209.0,29197.5,29198.0
2023-08-04 09:05:13,29188.32,29189.09,29208.5,29209.0,29201.5,29202.0
2023-08-04 09:05:24,29189.74,29190.36,29208.5,29209.0,29204.0,29204.5
2023-08-04 09:05:35,29190.44,29190.94,29208.5,29209.0,29204.5,29205.0
2023-08-04 09:05:46,29189.64,29190.49,29208.5,29209.0,29204.5,29205.0
2023-08-04 09:05:57,29191.24,29192.06,29208.5,29209.0,29204.5,29205.0
2023-08-04 09:06:08,29195.9,29196.74,29210.5,29211.0,29208.0,29208.5
2023-08-04 09:06:18,29196.15,29196.99,29211.5,29212.0,29208.0,29208.5
2023-08-04 09:06:29,29196.58,29197.51,29213.5,29214.0,29208.0,29208.5
2023-08-04 09:06:40,29196.57,29197.59,29215.0,29215.5,29209.5,29210.0
2023-08-04 09:06:51,29197.93,29199.0,29216.0,29216.5,29209.5,29210.0
2023-08-04 09:07:01,29198.83,29198.93,29216.0,29216.5,29210.5,29211.0
2023-08-04 09:07:12,29199.86,29200.28,29216.0,29216.5,29212.0,29212.5
2023-08-04 09:07:23,29201.6,29202.0,29224.0,29224.5,29215.0,29215.5
2023-08-04 09:07:33,29204.01,29204.99,29226.5,29227.0,29216.0,29216.5
2023-08-04 09:07:44,29204.34,29205.92,29226.5,29227.0,29216.5,29217.0
2023-08-04 09:07:55,29202.83,29204.22,29226.5,29227.0,29219.0,29219.5
2023-08-04 09:08:06,29208.95,29209.76,29226.5,29227.0,29219.5,29220.0
2023-08-04 09:08:17,29213.7,29214.87,29232.5,29233.0,29220.0,29220.5
2023-08-04 09:08:28,29215.19,29216.74,29236.5,29237.0,29228.0,29228.5
2023-08-04 09:08:38,29214.83,29215.71,29237.5,29238.0,29230.5,29231.0
2023-08-04 09:08:51,29208.59,29209.5,29237.5,29238.0,29226.0,29226.5
2023-08-04 09:09:02,29213.38,29214.38,29237.5,29238.0,29225.0,29225.5
2023-08-04 09:09:13,29210.99,29211.92,29237.5,29238.0,29225.0,29225.5
2023-08-04 09:09:23,29208.21,29209.12,29237.5,29238.0,29225.0,29225.5
2023-08-04 09:09:36,29202.52,29203.17,29232.5,29233.0,29220.5,29221.0
2023-08-04 09:09:47,29202.75,29203.93,29232.5,29233.0,29219.0,29219.5
2023-08-04 09:09:58,29202.44,29203.37,29229.0,29229.5,29216.0,29216.5
2023-08-04 09:10:08,29198.35,29199.05,29229.0,29229.5,29213.0,29213.5
2023-08-04 09:10:19,29196.91,29197.94,29229.0,29229.5,29212.5,29213.0
2023-08-04 09:10:31,29190.07,29190.5,29223.0,29223.5,29204.0,29204.5
2023-08-04 09:10:42,29188.78,29189.69,29223.0,29223.5,29203.0,29203.5
2023-08-04 09:10:53,29190.92,29191.14,29217.0,29217.5,29202.0,29202.5
2023-08-04 09:11:04,29189.46,29189.97,29217.0,29217.5,29202.0,29202.5
2023-08-04 09:11:15,29188.74,29189.64,29217.0,29217.5,29202.0,29202.5
2023-08-04 09:11:25,29186.67,29187.53,29217.0,29217.5,29200.0,29200.5
2023-08-04 09:11:36,29187.76,29188.71,29217.0,29217.5,29199.5,29200.0
2023-08-04 09:11:47,29189.15,29189.98,29217.0,29217.5,29199.5,29200.0
2023-08-04 09:11:58,29190.83,29191.64,29217.0,29217.5,29199.5,29200.0
2023-08-04 09:12:09,29195.54,29196.69,29217.0,29217.5,29210.0,29210.5
2023-08-04 09:12:19,29198.01,29198.48,29217.0,29217.5,29210.5,29211.0
2023-08-04 09:12:30,29201.26,29202.0,29223.0,29223.5,29213.0,29213.5
2023-08-04 09:12:40,29204.44,29205.51,29223.0,29223.5,29218.0,29218.5
2023-08-04 09:12:52,29203.13,29203.72,29223.0,29223.5,29218.0,29218.5
2023-08-04 09:13:03,29200.06,29200.81,29223.0,29223.5,29216.0,29216.5
2023-08-04 09:13:16,29197.1,29198.66,29223.0,29223.5,29215.0,29215.5
2023-08-04 09:13:27,29200.1,29201.0,29223.0,29223.5,29215.0,29215.5
2023-08-04 09:13:39,29197.98,29198.47,29223.0,29223.5,29215.0,29215.5
2023-08-04 09:13:51,29199.22,29199.98,29223.0,29223.5,29214.0,29214.5
2023-08-04 09:14:02,29196.72,29199.22,29225.0,29225.5,29221.5,29222.0
2023-08-04 09:14:13,29206.12,29207.63,29229.5,29230.0,29217.0,29217.5
2023-08-04 09:14:24,29206.64,29207.31,29231.5,29232.0,29217.0,29217.5
2023-08-04 09:14:34,29190.46,29191.99,29221.0,29221.5,29204.0,29204.5
2023-08-04 09:14:45,29195.5,29196.33,29226.0,29226.5,29210.0,29210.5
2023-08-04 09:14:56,29193.17,29193.42,29221.0,29221.5,29208.0,29208.5
2023-08-04 09:15:07,29195.16,29195.99,29223.5,29224.0,29209.5,29210.0
2023-08-04 09:15:18,29195.32,29195.67,29223.5,29224.0,29209.5,29210.0
2023-08-04 09:15:29,29192.84,29193.83,29223.5,29224.0,29209.5,29210.0
2023-08-04 09:15:39,29188.38,29189.56,29223.5,29224.0,29207.5,29208.0
2023-08-04 09:15:50,29189.39,29190.53,29221.0,29221.5,29202.0,29202.5
2023-08-04 09:16:04,29192.04,29192.99,29221.0,29221.5,29203.5,29204.0
2023-08-04 09:16:17,29196.42,29197.47,29223.5,29224.0,29206.5,29207.0
2023-08-04 09:16:30,29199.03,29199.44,29223.5,29224.0,29211.0,29211.5
2023-08-04 09:16:42,29207.65,29208.41,29234.0,29234.5,29219.5,29220.0
2023-08-04 09:16:53,29205.88,29206.57,29234.0,29234.5,29219.0,29219.5
2023-08-04 09:17:03,29206.23,29206.55,29234.0,29234.5,29219.0,29219.5
2023-08-04 09:17:14,29205.5,29206.5,29234.0,29234.5,29219.0,29219.5
2023-08-04 09:17:25,29206.41,29207.28,29234.0,29234.5,29220.5,29221.0
2023-08-04 09:17:36,29203.95,29204.86,29234.0,29234.5,29219.0,29219.5
2023-08-04 09:17:47,29207.32,29208.4,29234.0,29234.5,29219.0,29219.5
2023-08-04 09:17:57,29210.04,29210.88,29234.0,29234.5,29222.0,29222.5
2023-08-04 09:18:09,29210.76,29211.56,29234.0,29234.5,29223.5,29224.0
2023-08-04 09:18:19,29215.63,29216.85,29241.5,29242.0,29226.5,29227.0
2023-08-04 09:18:30,29216.86,29217.77,29242.0,29242.5,29232.5,29233.0
2023-08-04 09:18:41,29218.51,29219.63,29246.0,29246.5,29234.5,29235.0
2023-08-04 09:18:51,29214.21,29215.27,29246.0,29246.5,29237.5,29238.0
2023-08-04 09:19:02,29217.49,29218.83,29246.0,29246.5,29235.5,29236.0
2023-08-04 09:19:13,29219.49,29220.62,29246.0,29246.5,29235.5,29236.0
2023-08-04 09:19:24,29220.23,29221.0,29246.0,29246.5,29237.0,29237.5
2023-08-04 09:19:34,29221.15,29222.63,29246.0,29246.5,29237.0,29237.5
2023-08-04 09:19:45,29220.21,29221.17,29246.0,29246.5,29237.0,29237.5
2023-08-04 09:19:56,29214.01,29215.07,29246.0,29246.5,29237.0,29237.5
2023-08-04 09:20:07,29208.44,29209.83,29238.5,29239.0,29222.0,29222.5
2023-08-04 09:20:18,29205.47,29206.03,29238.5,29239.0,29221.0,29221.5
2023-08-04 09:20:28,29206.15,29207.43,29238.5,29239.0,29222.0,29222.5
2023-08-04 09:20:39,29206.14,29207.02,29238.5,29239.0,29222.0,29222.5
2023-08-04 09:20:51,29202.32,29203.46,29238.5,29239.0,29220.0,29220.5
2023-08-04 09:21:02,29200.73,29201.55,29238.5,29239.0,29218.0,29218.5
2023-08-04 09:21:13,29206.97,29207.51,29235.5,29236.0,29219.5,29220.0
2023-08-04 09:21:23,29205.37,29205.4,29235.5,29236.0,29219.0,29219.5
2023-08-04 09:21:34,29201.57,29202.36,29234.5,29235.0,29218.0,29218.5
2023-08-04 09:21:46,29200.29,29201.19,29234.5,29235.0,29217.5,29218.0
2023-08-04 09:21:59,29200.01,29200.51,29233.5,29234.0,29215.5,29216.0
2023-08-04 09:22:10,29203.26,29204.24,29233.5,29234.0,29217.5,29218.0
2023-08-04 09:22:20,29203.9,29204.65,29233.5,29234.0,29218.0,29218.5
2023-08-04 09:22:31,29200.8,29201.56,29233.5,29234.0,29218.5,29219.0
2023-08-04 09:22:44,29201.1,29201.34,29233.5,29234.0,29216.5,29217.0
2023-08-04 09:22:55,29198.28,29199.37,29233.5,29234.0,29216.0,29216.5
2023-08-04 09:23:08,29194.44,29195.37,29229.5,29230.0,29213.5,29214.0
2023-08-04 09:23:20,29192.11,29193.0,29225.5,29226.0,29207.0,29207.5
2023-08-04 09:23:31,29192.0,29192.63,29225.5,29226.0,29207.0,29207.5
2023-08-04 09:23:42,29191.0,29191.21,29222.0,29222.5,29205.5,29206.0
2023-08-04 09:23:53,29191.48,29192.48,29222.0,29222.5,29205.5,29206.0
2023-08-04 09:24:04,29189.69,29190.99,29222.0,29222.5,29206.5,29207.0
2023-08-04 09:24:15,29182.56,29183.57,29215.0,29215.5,29198.0,29198.5
2023-08-04 09:24:26,29176.03,29177.87,29210.0,29210.5,29197.0,29197.5
2023-08-04 09:24:37,29175.11,29175.77,29209.0,29209.5,29193.0,29193.5
2023-08-04 09:24:49,29175.05,29176.17,29209.0,29209.5,29192.5,29193.0
2023-08-04 09:24:59,29175.92,29176.96,29209.0,29209.5,29193.0,29193.5
2023-08-04 09:25:10,29175.2,29175.99,29209.0,29209.5,29193.0,29193.5
2023-08-04 09:25:21,29182.49,29183.67,29212.0,29212.5,29197.0,29197.5
2023-08-04 09:25:32,29183.23,29184.0,29214.0,29214.5,29198.5,29199.0
2023-08-04 09:25:42,29181.54,29182.65,29214.0,29214.5,29198.5,29199.0
2023-08-04 09:25:53,29182.33,29183.05,29214.0,29214.5,29198.5,29199.0
2023-08-04 09:26:04,29179.13,29179.75,29214.0,29214.5,29198.5,29199.0
2023-08-04 09:26:15,29183.74,29185.37,29214.0,29214.5,29198.5,29199.0
2023-08-04 09:26:26,29178.27,29179.17,29214.0,29214.5,29199.0,29199.5
2023-08-04 09:26:36,29176.78,29177.07,29214.0,29214.5,29197.5,29198.0
2023-08-04 09:26:47,29177.32,29178.55,29214.0,29214.5,29197.5,29198.0
2023-08-04 09:26:57,29182.35,29182.67,29214.0,29214.5,29197.5,29198.0
2023-08-04 09:27:09,29181.55,29182.38,29214.0,29214.5,29197.5,29198.0
2023-08-04 09:27:20,29182.08,29182.95,29214.0,29214.5,29197.5,29198.0
2023-08-04 09:27:30,29181.59,29182.53,29214.0,29214.5,29197.5,29198.0
2023-08-04 09:27:41,29177.99,29178.68,29214.0,29214.5,29197.5,29198.0
2023-08-04 09:27:52,29179.78,29180.66,29214.0,29214.5,29197.5,29198.0
2023-08-04 09:28:03,29178.03,29178.93,29214.0,29214.5,29197.0,29197.5
2023-08-04 09:28:13,29178.2,29179.28,29214.0,29214.5,29197.0,29197.5
2023-08-04 09:28:24,29176.7,29177.49,29214.0,29214.5,29195.0,29195.5
2023-08-04 09:28:35,29173.62,29174.45,29214.0,29214.5,29194.5,29195.5
2023-08-04 09:28:45,29170.93,29172.0,29210.0,29210.5,29193.0,29193.5
2023-08-04 09:28:56,29172.35,29173.16,29208.0,29208.5,29193.0,29193.5
2023-08-04 09:29:07,29173.27,29174.26,29208.0,29208.5,29193.0,29193.5
2023-08-04 09:29:18,29173.43,29174.11,29208.0,29208.5,29191.5,29192.0
2023-08-04 09:29:28,29173.0,29173.81,29208.0,29208.5,29190.0,29190.5
2023-08-04 09:29:39,29172.0,29172.97,29208.0,29208.5,29190.0,29190.5
2023-08-04 09:29:50,29171.7,29172.79,29205.5,29206.0,29189.5,29190.0
2023-08-04 09:30:01,29170.3,29171.34,29205.5,29206.0,29189.5,29190.0
2023-08-04 09:30:11,29168.83,29169.75,29205.5,29206.0,29189.5,29190.0
2023-08-04 09:30:22,29175.81,29176.41,29205.5,29206.0,29189.5,29190.0
2023-08-04 09:30:33,29171.3,29171.68,29205.5,29206.0,29189.5,29190.0
2023-08-04 09:30:44,29168.4,29169.6,29205.5,29206.0,29189.5,29190.0
2023-08-04 09:30:54,29168.4,29169.0,29205.5,29206.0,29187.5,29188.0
2023-08-04 09:31:05,29168.75,29169.41,29205.5,29206.0,29187.5,29188.0
2023-08-04 09:31:16,29171.06,29171.38,29205.5,29206.0,29189.0,29189.5
2023-08-04 09:31:27,29172.7,29173.32,29205.5,29206.0,29189.0,29189.5
2023-08-04 09:31:37,29172.65,29173.51,29205.5,29206.0,29189.0,29189.5
2023-08-04 09:31:48,29172.05,29172.77,29205.5,29206.0,29189.0,29189.5
2023-08-04 09:31:59,29169.83,29170.66,29205.5,29206.0,29189.0,29189.5
2023-08-04 09:32:10,29169.3,29169.87,29205.5,29206.0,29187.5,29188.0
2023-08-04 09:32:20,29170.1,29170.71,29205.0,29205.5,29187.5,29188.0
2023-08-04 09:32:31,29174.3,29175.0,29205.0,29205.5,29189.5,29190.0
2023-08-04 09:32:43,29175.01,29175.27,29205.0,29205.5,29189.5,29190.0
2023-08-04 09:32:54,29174.04,29174.73,29205.0,29205.5,29189.5,29190.0
2023-08-04 09:33:05,29173.23,29173.68,29205.0,29205.5,29189.5,29190.0
2023-08-04 09:33:15,29176.92,29177.8,29210.0,29210.5,29189.5,29190.0
2023-08-04 09:33:28,29176.35,29176.88,29210.0,29210.5,29189.5,29190.0
2023-08-04 09:33:41,29178.13,29178.94,29210.0,29210.5,29190.5,29191.0
2023-08-04 09:33:54,29180.01,29180.99,29210.0,29210.5,29193.5,29194.0
2023-08-04 09:34:08,29181.41,29182.55,29210.0,29210.5,29194.5,29195.0
2023-08-04 09:34:21,29177.72,29178.66,29210.0,29210.5,29194.5,29195.0
2023-08-04 09:34:32,29174.49,29175.41,29210.0,29210.5,29192.5,29193.0
2023-08-04 09:34:43,29171.92,29172.96,29210.0,29210.5,29191.0,29191.5
2023-08-04 09:34:53,29173.38,29174.05,29210.0,29210.5,29191.0,29191.5
2023-08-04 09:35:04,29173.03,29173.92,29210.0,29210.5,29191.0,29191.5
2023-08-04 09:35:15,29171.74,29172.05,29210.0,29210.5,29191.0,29191.5
2023-08-04 09:35:26,29172.63,29173.06,29210.0,29210.5,29191.0,29191.5
2023-08-04 09:35:37,29173.34,29174.0,29210.0,29210.5,29190.5,29191.0
2023-08-04 09:35:47,29176.11,29177.09,29210.0,29210.5,29191.0,29191.5
2023-08-04 09:36:00,29179.38,29180.27,29210.0,29210.5,29192.5,29193.0
2023-08-04 09:36:11,29181.03,29181.7,29210.0,29210.5,29193.5,29194.0
2023-08-04 09:36:22,29177.01,29177.66,29210.0,29210.5,29192.5,29193.0
2023-08-04 09:36:33,29176.8,29177.64,29210.0,29210.5,29192.5,29193.0
2023-08-04 09:36:44,29176.53,29177.29,29210.0,29210.5,29192.0,29192.5
2023-08-04 09:36:55,29177.53,29178.03,29210.0,29210.5,29192.0,29192.5
2023-08-04 09:37:05,29176.53,29177.17,29210.0,29210.5,29192.0,29192.5
2023-08-04 09:37:17,29175.09,29175.96,29210.0,29210.5,29192.0,29192.5
2023-08-04 09:37:28,29172.7,29173.56,29210.0,29210.5,29192.0,29192.5
2023-08-04 09:37:38,29171.74,29172.71,29210.0,29210.5,29192.0,29192.5
2023-08-04 09:37:49,29170.77,29171.49,29210.0,29210.5,29192.0,29192.5
2023-08-04 09:38:00,29171.3,29172.34,29210.0,29210.5,29188.5,29189.0
2023-08-04 09:38:10,29170.15,29170.87,29210.0,29210.5,29188.0,29188.5
2023-08-04 09:38:22,29170.08,29170.42,29209.5,29210.0,29188.0,29188.5
2023-08-04 09:38:32,29166.21,29167.79,29208.5,29209.0,29186.0,29186.5
2023-08-04 09:38:43,29168.06,29168.45,29208.5,29209.0,29185.0,29185.5
2023-08-04 09:38:54,29167.94,29168.78,29206.5,29207.0,29185.0,29185.5
2023-08-04 09:39:04,29167.59,29168.42,29204.5,29205.0,29184.5,29185.0
2023-08-04 09:39:15,29164.15,29164.83,29203.0,29203.5,29181.5,29182.0
2023-08-04 09:39:26,29163.2,29164.19,29203.0,29203.5,29181.0,29181.5
2023-08-04 09:39:37,29160.93,29161.72,29203.0,29203.5,29180.5,29181.0
2023-08-04 09:39:47,29161.03,29162.0,29201.5,29202.0,29180.5,29181.0
2023-08-04 09:39:58,29164.77,29165.56,29201.0,29201.5,29178.5,29179.0
2023-08-04 09:40:12,29163.94,29164.88,29200.0,29200.5,29179.5,29180.0
2023-08-04 09:40:23,29163.56,29164.49,29199.5,29200.0,29179.5,29180.0
2023-08-04 09:40:33,29161.49,29161.7,29199.5,29200.0,29179.5,29180.0
2023-08-04 09:40:44,29160.19,29161.0,29199.5,29200.0,29179.5,29180.0
2023-08-04 09:40:55,29160.84,29161.37,29199.5,29200.0,29178.0,29178.5
2023-08-04 09:41:06,29160.72,29161.42,29199.5,29200.0,29177.5,29178.0
2023-08-04 09:41:17,29160.5,29161.53,29199.5,29200.0,29177.0,29177.5
2023-08-04 09:41:28,29160.49,29161.5,29199.5,29200.0,29177.0,29177.5
2023-08-04 09:41:38,29160.42,29161.32,29199.5,29200.0,29177.0,29177.5
2023-08-04 09:41:49,29161.82,29162.42,29199.5,29200.0,29177.5,29178.0
2023-08-04 09:42:00,29167.87,29169.0,29199.5,29200.0,29182.5,29183.0
2023-08-04 09:42:10,29167.0,29167.98,29199.5,29200.0,29182.5,29183.0
2023-08-04 09:42:22,29166.7,29167.31,29199.5,29200.0,29182.5,29183.0
2023-08-04 09:42:33,29160.71,29161.41,29199.5,29200.0,29182.5,29183.0
2023-08-04 09:42:43,29160.98,29161.91,29199.5,29200.0,29182.0,29182.5
2023-08-04 09:42:54,29161.75,29162.89,29199.5,29200.0,29182.0,29182.5
2023-08-04 09:43:05,29161.12,29161.83,29199.5,29200.0,29182.0,29182.5
2023-08-04 09:43:15,29160.71,29161.54,29199.5,29200.0,29182.0,29182.5
2023-08-04 09:43:27,29156.21,29157.34,29195.0,29195.5,29178.5,29179.0
2023-08-04 09:43:38,29155.06,29155.86,29195.0,29195.5,29174.5,29175.0
2023-08-04 09:43:48,29159.0,29159.5,29195.0,29195.5,29174.0,29174.5
2023-08-04 09:43:59,29161.05,29161.74,29195.0,29195.5,29176.5,29177.0
2023-08-04 09:44:10,29160.68,29161.6,29195.0,29195.5,29176.5,29177.0
2023-08-04 09:44:21,29158.45,29159.23,29195.0,29195.5,29176.5,29177.0
2023-08-04 09:44:32,29156.54,29157.51,29195.0,29195.5,29176.5,29177.0
2023-08-04 09:44:43,29156.06,29156.98,29195.0,29195.5,29174.0,29175.0
2023-08-04 09:44:47,29154.38,29155.34,29195.0,29195.5,29173.5,29174.0
2023-08-04 09:44:58,29155.01,29155.32,29195.0,29195.5,29173.0,29173.5
2023-08-04 09:45:09,29154.02,29154.5,29192.5,29193.0,29171.5,29172.0
2023-08-04 09:45:19,29154.89,29155.43,29192.5,29193.0,29171.5,29172.0
2023-08-04 09:45:30,29153.1,29153.69,29192.5,29193.0,29171.0,29171.5
2023-08-04 09:45:41,29152.28,29152.91,29192.5,29193.0,29171.5,29172.0
2023-08-04 09:45:52,29151.92,29152.54,29190.5,29191.0,29170.0,29170.5
2023-08-04 09:46:03,29152.72,29153.4,29190.5,29191.0,29170.0,29170.5
2023-08-04 09:46:14,29152.5,29152.98,29190.5,29191.0,29170.0,29170.5
2023-08-04 09:46:25,29152.76,29153.61,29190.5,29191.0,29170.0,29170.5
2023-08-04 09:46:37,29157.79,29158.0,29190.5,29191.0,29171.0,29171.5
2023-08-04 09:46:51,29158.63,29159.41,29190.5,29191.0,29171.0,29171.5
2023-08-04 09:47:03,29157.0,29157.29,29190.5,29191.0,29171.5,29172.0
2023-08-04 09:47:14,29153.67,29154.25,29190.5,29191.0,29174.0,29174.5
2023-08-04 09:47:24,29152.44,29153.12,29190.5,29191.0,29174.0,29174.5
2023-08-04 09:47:35,29151.51,29151.81,29190.5,29191.0,29174.0,29174.5
2023-08-04 09:47:46,29150.93,29151.71,29190.5,29191.0,29173.0,29173.5
2023-08-04 09:47:57,29150.48,29151.26,29190.5,29191.0,29173.0,29173.5
2023-08-04 09:48:07,29149.23,29149.92,29188.5,29189.0,29168.5,29169.0
2023-08-04 09:48:18,29150.64,29151.42,29188.0,29188.5,29168.5,29169.0
2023-08-04 09:48:29,29152.72,29153.85,29188.0,29188.5,29169.0,29169.5
2023-08-04 09:48:39,29150.33,29150.98,29187.0,29187.5,29169.0,29169.5
2023-08-04 09:48:50,29150.75,29151.7,29187.0,29187.5,29167.5,29168.0
2023-08-04 09:49:01,29152.04,29153.61,29187.0,29187.5,29167.5,29168.0
2023-08-04 09:49:11,29151.0,29151.57,29187.0,29187.5,29167.5,29168.0
2023-08-04 09:49:22,29149.43,29150.58,29187.0,29187.5,29167.5,29168.0
2023-08-04 09:49:33,29152.75,29153.57,29187.0,29187.5,29167.5,29168.0
2023-08-04 09:49:44,29151.87,29152.17,29187.0,29187.5,29167.5,29168.0
2023-08-04 09:49:55,29149.51,29150.18,29187.0,29187.5,29167.5,29168.0
2023-08-04 09:50:05,29149.33,29149.81,29187.0,29187.5,29167.0,29168.0
2023-08-04 09:50:16,29147.38,29147.99,29187.0,29187.5,29164.5,29165.0
2023-08-04 09:50:27,29145.0,29146.0,29180.0,29180.5,29162.5,29163.0
2023-08-04 09:50:38,29146.14,29146.8,29180.0,29180.5,29162.0,29162.5
2023-08-04 09:50:48,29142.93,29143.95,29177.0,29177.5,29156.0,29156.5
2023-08-04 09:50:59,29140.54,29141.46,29177.0,29177.5,29155.5,29156.0
2023-08-04 09:51:10,29142.0,29143.53,29177.0,29177.5,29155.5,29156.0
2023-08-04 09:51:21,29142.05,29142.94,29177.0,29177.5,29155.5,29156.0
2023-08-04 09:51:32,29140.9,29141.7,29177.0,29177.5,29155.5,29156.0
2023-08-04 09:51:42,29140.63,29140.88,29177.0,29177.5,29155.5,29156.0
2023-08-04 09:51:53,29140.42,29140.91,29177.0,29177.5,29155.5,29156.0
2023-08-04 09:52:04,29138.44,29138.94,29177.0,29177.5,29155.5,29156.0
2023-08-04 09:52:15,29138.51,29139.22,29172.5,29173.0,29155.5,29156.0
2023-08-04 09:52:25,29143.27,29144.47,29172.5,29173.0,29157.5,29158.0
2023-08-04 09:52:36,29142.25,29143.0,29172.5,29173.0,29157.5,29158.0
2023-08-04 09:52:47,29143.04,29143.87,29172.5,29173.0,29158.5,29159.0
2023-08-04 09:52:58,29143.0,29143.56,29172.5,29173.0,29158.5,29159.0
2023-08-04 09:53:09,29142.26,29143.36,29172.5,29173.0,29158.5,29159.0
2023-08-04 09:53:19,29146.32,29146.82,29172.5,29173.0,29159.5,29160.0
2023-08-04 09:53:30,29146.07,29146.74,29172.5,29173.0,29160.0,29160.5
2023-08-04 09:53:41,29147.12,29147.79,29172.5,29173.0,29160.5,29161.0
2023-08-04 09:53:52,29146.56,29146.77,29172.5,29173.0,29161.0,29161.5
2023-08-04 09:54:02,29147.78,29149.07,29172.5,29173.0,29161.0,29161.5
2023-08-04 09:54:13,29147.04,29147.13,29172.5,29173.0,29161.0,29161.5
2023-08-04 09:54:24,29148.93,29150.11,29175.0,29175.5,29165.5,29166.0
2023-08-04 09:54:35,29151.08,29151.54,29175.0,29175.5,29166.0,29166.5
2023-08-04 09:54:46,29148.89,29149.56,29175.0,29175.5,29167.0,29167.5
2023-08-04 09:54:57,29150.83,29151.79,29175.0,29175.5,29167.0,29167.5
2023-08-04 09:55:07,29150.36,29151.11,29175.0,29175.5,29167.0,29167.5
2023-08-04 09:55:18,29152.13,29152.89,29175.0,29175.5,29167.0,29167.5
2023-08-04 09:55:29,29152.41,29152.81,29175.0,29175.5,29167.0,29167.5
2023-08-04 09:55:40,29148.85,29149.35,29175.0,29175.5,29167.0,29167.5
2023-08-04 09:55:51,29148.64,29149.46,29175.0,29175.5,29167.0,29167.5
2023-08-04 09:56:02,29148.33,29149.21,29175.0,29175.5,29167.0,29167.5
2023-08-04 09:56:12,29148.13,29149.04,29175.0,29175.5,29167.0,29167.5
2023-08-04 09:56:23,29149.36,29149.96,29175.0,29175.5,29167.0,29167.5
2023-08-04 09:56:34,29150.67,29151.25,29175.0,29175.5,29167.0,29167.5
2023-08-04 09:56:45,29150.0,29150.11,29175.0,29175.5,29167.0,29167.5
2023-08-04 09:56:55,29151.33,29152.02,29175.0,29175.5,29167.0,29167.5
2023-08-04 09:57:06,29150.97,29151.34,29175.0,29175.5,29167.0,29167.5
2023-08-04 09:57:16,29151.1,29151.71,29175.0,29175.5,29167.0,29167.5
2023-08-04 09:57:27,29146.6,29147.33,29175.0,29175.5,29166.5,29167.0
2023-08-04 09:57:38,29146.37,29146.99,29175.0,29175.5,29165.5,29166.0
2023-08-04 09:57:49,29147.74,29148.3,29175.0,29175.5,29165.5,29166.0
2023-08-04 09:57:59,29146.02,29147.02,29175.0,29175.5,29165.5,29166.0
2023-08-04 09:58:10,29145.88,29146.76,29175.0,29175.5,29165.0,29165.5
2023-08-04 09:58:21,29146.23,29146.76,29175.0,29175.5,29164.0,29164.5
2023-08-04 09:58:32,29147.01,29147.77,29175.0,29175.5,29164.0,29164.5
2023-08-04 09:58:43,29146.84,29147.33,29175.0,29175.5,29164.0,29164.5
2023-08-04 09:58:54,29148.04,29148.58,29175.0,29175.5,29164.0,29164.5
2023-08-04 09:59:05,29146.58,29147.13,29175.0,29175.5,29164.0,29164.5
2023-08-04 09:59:16,29146.3,29146.51,29175.0,29175.5,29164.0,29164.5
2023-08-04 09:59:26,29148.99,29149.48,29175.0,29175.5,29164.0,29164.5
2023-08-04 09:59:39,29151.0,29151.65,29175.0,29175.5,29164.0,29164.5
2023-08-04 09:59:52,29148.11,29148.75,29175.0,29175.5,29164.0,29164.5
2023-08-04 10:00:03,29147.2,29147.8,29175.0,29175.5,29164.0,29164.5
2023-08-04 10:00:13,29146.21,29146.61,29175.0,29175.5,29164.0,29164.5
2023-08-04 10:00:24,29146.17,29146.89,29175.0,29175.5,29163.0,29163.5
2023-08-04 10:00:35,29145.67,29146.58,29175.0,29175.5,29163.0,29163.5
2023-08-04 10:00:45,29148.13,29149.53,29175.0,29175.5,29163.0,29163.5
2023-08-04 10:00:58,29152.78,29153.04,29175.0,29175.5,29163.5,29164.0
2023-08-04 10:01:09,29154.75,29155.7,29178.0,29178.5,29170.5,29171.0
2023-08-04 10:01:20,29156.52,29157.24,29178.0,29178.5,29171.5,29172.0
2023-08-04 10:01:31,29154.81,29155.07,29178.0,29178.5,29171.5,29172.0
2023-08-04 10:01:42,29157.0,29157.65,29178.0,29178.5,29171.5,29172.0
2023-08-04 10:01:52,29156.47,29157.19,29178.0,29178.5,29171.5,29172.0
2023-08-04 10:02:05,29158.11,29159.17,29178.0,29178.5,29172.0,29172.5
2023-08-04 10:02:15,29156.72,29157.06,29178.0,29178.5,29172.0,29172.5
2023-08-04 10:02:26,29153.7,29154.2,29178.0,29178.5,29172.0,29172.5
2023-08-04 10:02:38,29157.01,29157.7,29178.0,29178.5,29172.0,29172.5
2023-08-04 10:02:50,29155.48,29155.87,29178.0,29178.5,29172.0,29172.5
2023-08-04 10:03:01,29157.0,29157.7,29178.0,29178.5,29172.0,29172.5
2023-08-04 10:03:13,29156.02,29156.88,29182.5,29183.0,29172.0,29172.5
2023-08-04 10:03:24,29154.95,29155.62,29182.5,29183.0,29172.0,29172.5
2023-08-04 10:03:35,29154.43,29155.31,29182.5,29183.0,29172.0,29172.5
2023-08-04 10:03:45,29151.46,29152.87,29183.5,29184.0,29172.0,29172.5
2023-08-04 10:03:56,29150.83,29151.73,29183.5,29184.0,29171.5,29172.0
2023-08-04 10:04:07,29149.79,29150.25,29177.0,29177.5,29167.0,29167.5
2023-08-04 10:04:17,29151.54,29152.75,29177.0,29177.5,29167.0,29167.5
2023-08-04 10:04:28,29146.91,29147.72,29177.0,29177.5,29166.5,29167.5
2023-08-04 10:04:39,29145.34,29146.0,29177.0,29177.5,29165.5,29166.0
2023-08-04 10:04:50,29145.46,29146.18,29177.0,29177.5,29165.5,29166.0
2023-08-04 10:05:01,29143.49,29144.45,29177.0,29177.5,29163.5,29164.0
2023-08-04 10:05:12,29145.38,29145.56,29174.0,29174.5,29163.5,29164.0
2023-08-04 10:05:22,29144.82,29145.65,29174.0,29174.5,29163.0,29163.5
2023-08-04 10:05:33,29141.64,29142.0,29172.5,29173.0,29163.0,29163.5
2023-08-04 10:05:45,29140.59,29140.79,29172.5,29173.0,29161.5,29162.0
2023-08-04 10:05:55,29139.7,29140.36,29172.5,29173.0,29160.0,29160.5
2023-08-04 10:06:06,29137.12,29137.32,29166.5,29167.0,29160.0,29160.5
2023-08-04 10:06:17,29137.65,29138.37,29166.5,29167.0,29160.0,29160.5
2023-08-04 10:06:28,29140.2,29141.33,29166.5,29167.0,29160.0,29160.5
2023-08-04 10:06:38,29143.1,29144.02,29166.5,29167.0,29160.0,29160.5
2023-08-04 10:06:50,29138.47,29139.14,29166.5,29167.0,29160.0,29160.5
2023-08-04 10:07:01,29141.21,29142.34,29166.5,29167.0,29160.0,29160.5
2023-08-04 10:07:11,29140.89,29141.92,29166.5,29167.0,29160.0,29160.5
2023-08-04 10:07:22,29138.57,29139.18,29166.5,29167.0,29160.0,29160.5
2023-08-04 10:07:33,29138.71,29139.67,29166.5,29167.0,29160.0,29160.5
2023-08-04 10:07:44,29139.91,29140.85,29166.5,29167.0,29160.0,29160.5
2023-08-04 10:07:54,29139.35,29139.9,29166.5,29167.0,29160.0,29160.5
2023-08-04 10:08:05,29143.14,29144.0,29166.5,29167.0,29160.0,29160.5
2023-08-04 10:08:18,29144.72,29144.96,29166.5,29167.0,29160.5,29161.0
2023-08-04 10:08:31,29144.73,29144.9,29166.5,29167.0,29160.5,29161.0
2023-08-04 10:08:43,29145.81,29146.0,29166.5,29167.0,29160.5,29161.0
2023-08-04 10:08:57,29145.46,29145.79,29166.5,29167.0,29161.0,29161.5
2023-08-04 10:09:07,29145.01,29146.13,29167.0,29167.5,29163.5,29164.0
2023-08-04 10:09:18,29147.95,29148.93,29167.0,29167.5,29162.5,29163.0
2023-08-04 10:09:31,29146.88,29147.0,29167.5,29168.0,29162.5,29163.0
2023-08-04 10:09:41,29147.08,29147.4,29167.5,29168.0,29165.5,29166.0
2023-08-04 10:09:52,29146.72,29147.5,29167.5,29168.0,29165.5,29166.0
2023-08-04 10:10:03,29147.6,29148.99,29167.5,29168.0,29165.5,29166.0
2023-08-04 10:10:14,29145.85,29146.12,29167.5,29168.0,29165.5,29166.5
2023-08-04 10:10:24,29146.63,29147.58,29167.5,29168.0,29166.0,29166.5
2023-08-04 10:10:35,29152.04,29152.8,29176.5,29177.0,29168.5,29169.0
2023-08-04 10:10:48,29156.72,29156.98,29177.0,29177.5,29171.5,29172.0
2023-08-04 10:11:01,29156.02,29156.64,29177.0,29177.5,29173.5,29174.0
2023-08-04 10:11:12,29157.23,29158.16,29177.0,29177.5,29173.5,29174.0
2023-08-04 10:11:24,29158.5,29158.84,29177.0,29177.5,29174.0,29174.5
2023-08-04 10:11:35,29156.24,29157.16,29177.0,29177.5,29174.0,29174.5
2023-08-04 10:11:46,29152.87,29153.74,29177.0,29177.5,29174.0,29174.5
2023-08-04 10:11:57,29153.14,29153.75,29177.0,29177.5,29174.0,29174.5
2023-08-04 10:12:08,29156.96,29157.69,29177.0,29177.5,29174.0,29174.5
2023-08-04 10:12:20,29158.48,29158.77,29177.5,29178.0,29175.0,29175.5
2023-08-04 10:12:32,29161.63,29162.77,29180.0,29180.5,29176.0,29176.5
2023-08-04 10:12:45,29162.45,29163.4,29180.5,29181.0,29177.0,29177.5
2023-08-04 10:12:57,29160.86,29160.87,29180.5,29181.0,29177.0,29177.5
2023-08-04 10:13:08,29157.0,29157.87,29180.5,29181.0,29175.0,29175.5
2023-08-04 10:13:19,29157.27,29158.01,29180.5,29181.0,29175.0,29175.5
2023-08-04 10:13:29,29160.07,29160.87,29180.5,29181.0,29175.5,29176.0
2023-08-04 10:13:40,29162.37,29162.72,29180.5,29181.0,29176.0,29176.5
2023-08-04 10:13:51,29160.09,29160.6,29180.5,29181.0,29176.5,29177.0
2023-08-04 10:14:01,29160.84,29161.25,29180.5,29181.0,29176.5,29177.0
2023-08-04 10:14:12,29162.08,29162.41,29180.5,29181.0,29176.5,29177.0
2023-08-04 10:14:23,29156.78,29157.11,29180.5,29181.0,29176.5,29177.0
2023-08-04 10:14:33,29156.81,29157.11,29180.5,29181.0,29176.5,29177.0
2023-08-04 10:14:46,29157.66,29158.63,29180.5,29181.0,29176.5,29177.0
2023-08-04 10:14:57,29159.19,29159.36,29180.5,29181.0,29176.5,29177.0
2023-08-04 10:15:07,29157.54,29159.03,29180.5,29181.0,29176.5,29177.0
2023-08-04 10:15:18,29157.87,29158.8,29180.5,29181.0,29176.5,29177.0
2023-08-04 10:15:29,29157.18,29157.83,29180.5,29181.0,29176.5,29177.0
2023-08-04 10:15:39,29158.35,29158.99,29180.5,29181.0,29176.5,29177.0
2023-08-04 13:07:23,29129.69,29130.16,29155.5,29156.0,29146.0,29146.5
2023-08-04 13:07:34,29131.04,29131.54,29155.5,29156.0,29146.5,29147.0
2023-08-04 13:07:45,29134.52,29135.38,29155.5,29156.0,29148.5,29149.0
2023-08-04 13:07:56,29138.0,29138.19,29159.5,29160.0,29153.5,29154.0
2023-08-04 13:08:07,29136.07,29136.88,29160.5,29161.0,29155.0,29155.5
2023-08-04 13:08:17,29136.31,29137.24,29160.5,29161.0,29155.0,29155.5
2023-08-04 13:08:28,29136.72,29137.46,29160.5,29161.0,29155.0,29155.5
2023-08-04 13:08:39,29139.12,29140.18,29160.5,29161.0,29155.5,29156.0
2023-08-04 13:08:50,29138.02,29138.78,29160.5,29161.0,29155.5,29156.0
2023-08-04 13:09:00,29139.56,29140.52,29161.0,29161.5,29156.5,29157.0
2023-08-04 13:09:11,29139.0,29139.75,29161.0,29161.5,29156.5,29157.0
2023-08-04 13:09:22,29135.06,29135.67,29162.0,29162.5,29157.0,29157.5
2023-08-04 13:09:32,29140.49,29141.1,29166.5,29167.0,29157.0,29157.5
2023-08-04 13:09:43,29143.52,29144.48,29166.5,29167.0,29157.0,29157.5
2023-08-04 13:09:57,29144.54,29145.11,29166.5,29167.0,29160.0,29160.5
2023-08-04 13:10:07,29142.95,29143.48,29166.5,29167.0,29160.0,29160.5
2023-08-04 13:10:19,29141.65,29141.88,29166.5,29167.0,29161.5,29162.0
2023-08-04 13:10:29,29142.8,29143.64,29167.0,29167.5,29161.5,29162.0
2023-08-04 13:10:40,29142.81,29143.69,29167.0,29167.5,29161.5,29162.0
2023-08-04 13:10:51,29142.82,29143.45,29167.0,29167.5,29161.5,29162.0
2023-08-04 13:11:02,29142.04,29142.64,29167.0,29167.5,29161.5,29162.0
2023-08-04 13:11:13,29143.83,29144.12,29167.0,29167.5,29161.5,29162.0
2023-08-04 13:11:24,29142.3,29142.81,29167.0,29167.5,29161.5,29162.0
2023-08-04 13:11:35,29141.89,29142.79,29167.0,29167.5,29161.5,29162.0
2023-08-04 13:11:45,29140.67,29141.47,29167.0,29167.5,29161.5,29162.0
2023-08-04 13:11:56,29141.76,29142.76,29167.0,29167.5,29161.5,29162.0
2023-08-04 13:12:07,29142.48,29143.67,29167.0,29167.5,29161.5,29162.0
2023-08-04 13:12:17,29142.47,29142.95,29167.0,29167.5,29161.5,29162.0
2023-08-04 13:12:28,29141.64,29142.44,29167.0,29167.5,29161.5,29162.0
2023-08-04 13:12:39,29141.47,29142.41,29167.0,29167.5,29161.5,29162.0
2023-08-04 13:12:50,29143.03,29143.85,29167.0,29167.5,29161.5,29162.0
2023-08-04 13:13:01,29143.65,29144.19,29167.0,29167.5,29161.5,29162.0
2023-08-04 13:13:12,29142.54,29143.54,29167.0,29167.5,29161.5,29162.0
2023-08-04 13:13:23,29142.05,29142.46,29167.0,29167.5,29161.5,29162.0
2023-08-04 13:13:33,29137.89,29137.99,29167.0,29167.5,29161.5,29162.0
2023-08-04 13:13:44,29137.49,29138.17,29167.0,29167.5,29158.0,29158.5
2023-08-04 13:13:55,29139.03,29139.23,29167.0,29167.5,29158.0,29158.5
2023-08-04 13:14:06,29137.15,29137.76,29167.0,29167.5,29158.0,29158.5
2023-08-04 13:14:16,29131.8,29132.67,29160.5,29161.0,29156.0,29156.5
2023-08-04 13:14:27,29130.77,29131.36,29160.5,29161.0,29152.0,29152.5
2023-08-04 13:14:38,29130.88,29131.66,29160.5,29161.0,29152.0,29152.5
2023-08-04 13:14:48,29130.85,29131.55,29160.5,29161.0,29151.5,29152.0
2023-08-04 13:14:59,29131.81,29132.77,29160.5,29161.0,29151.5,29152.0
2023-08-04 13:15:10,29127.42,29128.23,29160.0,29160.5,29151.0,29151.5
2023-08-04 13:15:20,29127.45,29128.48,29160.0,29160.5,29150.0,29150.5
2023-08-04 13:15:31,29128.15,29129.05,29160.0,29160.5,29150.0,29150.5
2023-08-04 13:15:42,29129.26,29129.89,29160.0,29160.5,29150.0,29150.5
2023-08-04 13:15:53,29128.65,29128.9,29160.0,29160.5,29150.0,29150.5
2023-08-04 13:16:04,29129.35,29130.05,29160.0,29160.5,29149.0,29149.5
2023-08-04 13:16:15,29128.99,29129.72,29160.0,29160.5,29146.5,29147.0
2023-08-04 13:16:27,29129.26,29129.99,29160.0,29160.5,29146.5,29147.0
2023-08-04 13:16:40,29129.24,29130.0,29160.0,29160.5,29146.5,29147.0
2023-08-04 13:16:51,29127.98,29128.65,29160.0,29160.5,29146.5,29147.0
2023-08-04 13:17:02,29127.82,29128.29,29160.0,29160.5,29146.5,29147.0
2023-08-04 13:17:12,29128.43,29129.02,29160.0,29160.5,29146.5,29147.0
2023-08-04 13:17:26,29128.72,29129.41,29160.0,29160.5,29146.5,29147.0
2023-08-04 13:17:39,29127.36,29128.09,29160.0,29160.5,29146.5,29147.0
2023-08-04 13:17:49,29130.46,29130.98,29160.0,29160.5,29147.0,29147.5
2023-08-04 13:18:00,29128.12,29128.47,29160.0,29160.5,29147.0,29147.5
2023-08-04 13:18:11,29126.06,29126.79,29158.5,29159.0,29146.5,29147.0
2023-08-04 13:18:22,29126.02,29126.74,29158.5,29159.0,29146.5,29147.0
2023-08-04 13:18:33,29127.67,29128.6,29158.5,29159.0,29144.5,29145.0
2023-08-04 13:18:45,29127.93,29128.38,29158.5,29159.0,29144.5,29145.0
2023-08-04 13:18:56,29127.98,29128.54,29158.5,29159.0,29144.5,29145.0
2023-08-04 13:25:25,29140.37,29141.42,29166.5,29167.0,29161.5,29162.0
2023-08-04 13:25:36,29140.15,29140.28,29166.5,29167.0,29161.0,29161.5
2023-08-04 13:29:07,29140.78,29141.41,29166.5,29167.0,29158.0,29158.5
2023-08-04 13:29:18,29143.28,29144.45,29166.5,29167.0,29160.0,29160.5
2023-08-04 13:39:05,29147.38,29149.18,29175.0,29175.5,29163.5,29164.0
2023-08-04 13:39:16,29144.5,29145.48,29174.5,29175.0,29162.5,29163.0
2023-08-04 13:39:55,29125.96,29126.82,29154.0,29154.5,29141.0,29141.5
2023-08-04 13:40:12,29125.44,29126.7,29152.0,29152.5,29141.0,29141.5
2023-08-04 13:40:24,29144.64,29146.74,29170.5,29171.0,29161.0,29161.5
2023-08-04 14:10:14,29206.15,29207.1,29237.5,29238.0,29225.0,29225.5
2023-08-04 14:10:25,29203.91,29204.67,29237.5,29238.0,29223.0,29223.5
2023-08-04 14:11:34,29193.45,29193.83,29227.5,29228.0,29208.0,29208.5
2023-08-04 14:11:46,29195.35,29196.55,29227.5,29228.0,29208.0,29208.5
2023-08-04 14:12:25,29204.58,29205.56,29234.0,29234.5,29220.0,29220.5
2023-08-04 14:12:36,29200.98,29201.84,29234.0,29234.5,29219.5,29220.0
2023-08-04 14:13:41,29194.43,29195.61,29232.5,29233.0,29211.5,29212.0
2023-08-04 14:13:52,29202.14,29203.03,29232.5,29233.0,29214.0,29214.5
2023-08-04 14:24:41,29186.48,29187.32,29225.5,29226.0,29204.5,29205.0
2023-08-04 14:24:52,29185.63,29185.69,29225.5,29226.0,29204.5,29205.0
2023-08-04 14:29:30,29174.01,29174.69,29213.5,29214.0,29196.0,29196.5
2023-08-04 14:29:41,29173.32,29174.09,29213.5,29214.0,29196.0,29196.5
2023-08-04 16:43:30,29237.03,29237.8,29276.0,29276.5,29253.0,29253.5
2023-08-04 16:43:41,29238.73,29239.2,29276.0,29276.5,29253.0,29253.5
2023-08-04 16:43:52,29246.05,29246.7,29276.0,29276.5,29258.5,29259.0
2023-08-04 16:44:02,29248.18,29248.3,29281.0,29281.5,29260.0,29261.0
2023-08-04 16:44:13,29249.18,29249.75,29281.0,29281.5,29262.0,29262.5
2023-08-04 16:44:24,29246.56,29247.41,29281.0,29281.5,29263.0,29263.5
2023-08-04 16:44:35,29250.13,29251.0,29281.0,29281.5,29262.0,29262.5
2023-08-04 16:44:45,29248.78,29249.31,29281.0,29281.5,29265.0,29265.5
2023-08-04 16:44:56,29248.92,29249.68,29281.0,29281.5,29264.5,29265.0
2023-08-04 16:45:07,29251.68,29253.51,29281.0,29281.5,29267.5,29268.0
2023-08-04 16:45:18,29253.4,29253.74,29281.0,29281.5,29269.5,29270.0
2023-08-04 16:45:28,29251.94,29252.33,29281.0,29281.5,29269.0,29269.5
2023-08-04 16:45:39,29255.35,29256.06,29282.5,29283.0,29269.5,29270.0
2023-08-04 16:45:50,29260.28,29261.57,29293.0,29293.5,29273.0,29273.5
2023-08-04 16:46:01,29260.71,29261.5,29293.0,29293.5,29277.0,29277.5
2023-08-04 16:46:12,29260.31,29261.0,29294.5,29295.0,29278.5,29279.0
2023-08-04 16:46:22,29257.12,29257.99,29294.5,29295.0,29274.0,29274.5
2023-08-04 16:46:33,29255.51,29255.97,29294.5,29295.0,29272.0,29272.5
2023-08-04 16:46:44,29254.92,29255.34,29294.5,29295.0,29271.0,29271.5
2023-08-04 16:46:54,29250.57,29251.17,29290.5,29291.0,29270.0,29270.5
2023-08-04 16:47:05,29248.41,29248.82,29289.5,29290.0,29264.5,29265.0
2023-08-04 16:47:16,29239.92,29242.0,29273.0,29273.5,29264.5,29265.0
2023-08-04 16:47:27,29239.4,29239.98,29273.0,29273.5,29253.0,29253.5
2023-08-04 16:47:38,29236.5,29237.0,29273.0,29273.5,29252.0,29252.5
2023-08-04 16:47:49,29238.64,29239.64,29273.0,29273.5,29252.0,29252.5
2023-08-04 16:48:00,29236.41,29237.4,29275.5,29276.0,29253.5,29254.0
2023-08-04 16:48:11,29234.18,29234.97,29275.5,29276.0,29251.5,29252.0
2023-08-04 16:48:21,29257.02,29258.89,29287.0,29287.5,29273.0,29273.5
2023-08-04 16:48:32,29260.84,29261.78,29294.5,29295.0,29273.5,29274.0
2023-08-04 16:48:43,29259.05,29260.1,29294.5,29295.0,29273.5,29274.0
2023-08-04 16:48:54,29257.05,29257.5,29294.5,29295.0,29273.5,29274.0
2023-08-04 16:49:05,29258.4,29259.35,29294.5,29295.0,29272.0,29272.5
2023-08-04 16:49:16,29259.11,29259.77,29294.5,29295.0,29273.0,29273.5
2023-08-04 16:49:27,29260.02,29260.62,29294.5,29295.0,29273.5,29274.0
2023-08-04 16:49:38,29258.63,29259.31,29294.5,29295.0,29274.5,29275.0
2023-08-04 16:49:49,29259.12,29259.75,29294.5,29295.0,29274.5,29275.0
2023-08-04 16:50:00,29258.94,29259.82,29294.5,29295.0,29274.5,29275.0
2023-08-04 16:50:11,29246.88,29247.71,29287.0,29287.5,29267.0,29267.5
2023-08-04 16:50:22,29244.23,29244.88,29285.0,29285.5,29265.0,29265.5
2023-08-04 16:50:32,29250.19,29251.61,29283.0,29283.5,29263.0,29263.5
2023-08-04 16:50:43,29250.54,29251.51,29283.0,29283.5,29265.0,29265.5
2023-08-04 16:50:54,29252.48,29253.39,29283.0,29283.5,29265.0,29265.5
2023-08-04 16:51:05,29248.01,29248.95,29287.5,29288.0,29266.0,29266.5
2023-08-04 16:51:16,29253.2,29253.99,29287.5,29288.0,29265.5,29266.0
2023-08-04 16:51:27,29248.33,29249.3,29287.5,29288.0,29266.0,29266.5
2023-08-04 16:51:38,29246.51,29247.23,29287.5,29288.0,29264.0,29264.5
2023-08-04 16:51:48,29244.5,29245.15,29287.5,29288.0,29262.5,29263.0
2023-08-04 16:51:59,29244.08,29244.89,29285.5,29286.0,29262.5,29263.0
2023-08-04 16:52:10,29229.13,29230.87,29271.0,29271.5,29251.0,29251.5
2023-08-04 16:52:22,29228.84,29229.25,29270.0,29270.5,29243.0,29243.5
2023-08-04 16:52:32,29233.24,29234.28,29270.0,29270.5,29244.5,29245.0
2023-08-04 16:54:44,29230.56,29230.99,29271.0,29271.5,29249.5,29250.0
2023-08-04 16:54:54,29237.06,29237.77,29271.0,29271.5,29250.5,29251.0
2023-08-04 17:12:48,29224.13,29225.03,29261.0,29261.5,29241.5,29242.0
2023-08-04 17:12:59,29226.51,29227.06,29261.0,29261.5,29241.5,29242.0
2023-08-04 17:13:10,29230.27,29230.88,29266.5,29267.0,29241.5,29242.0
2023-08-04 17:13:22,29229.16,29229.75,29266.5,29267.0,29246.5,29247.0
2023-08-04 17:13:35,29233.0,29233.59,29266.5,29267.0,29247.0,29247.5
2023-08-04 17:13:47,29231.0,29231.96,29266.5,29267.0,29247.0,29247.5
2023-08-04 17:24:15,29208.98,29209.46,29254.5,29255.0,29230.0,29230.5
2023-08-04 17:24:26,29209.32,29210.0,29254.5,29255.0,29230.0,29230.5
2023-08-04 17:24:38,29208.8,29209.58,29254.5,29255.0,29230.5,29231.0
2023-08-04 17:24:49,29213.07,29213.57,29254.5,29255.0,29230.5,29231.0
2023-08-04 17:25:00,29212.45,29213.45,29254.5,29255.0,29230.5,29231.0
2023-08-04 17:25:11,29214.72,29215.3,29254.5,29255.0,29230.5,29231.0
2023-08-04 17:25:21,29214.01,29214.79,29256.0,29256.5,29236.0,29236.5
2023-08-04 17:25:32,29217.41,29218.16,29256.0,29256.5,29237.0,29237.5
2023-08-04 17:25:43,29214.8,29215.53,29256.0,29256.5,29235.5,29236.0
2023-08-04 17:25:54,29220.98,29221.09,29256.0,29256.5,29240.0,29240.5
2023-08-04 17:26:05,29223.29,29223.5,29256.5,29257.0,29240.5,29241.0
2023-08-04 17:26:15,29219.91,29220.79,29256.5,29257.0,29241.5,29242.0
2023-08-04 17:26:26,29227.27,29227.72,29265.0,29265.5,29247.0,29247.5
2023-08-04 17:26:37,29227.56,29227.98,29265.0,29265.5,29248.0,29248.5
2023-08-04 17:26:48,29227.53,29227.88,29265.0,29265.5,29248.0,29248.5
2023-08-04 17:26:58,29225.22,29226.0,29265.0,29265.5,29245.5,29246.0
2023-08-04 17:27:09,29224.83,29225.98,29265.0,29265.5,29246.0,29246.5
2023-08-04 17:27:20,29223.59,29224.18,29265.0,29265.5,29245.5,29246.0
2023-08-04 17:27:30,29224.46,29225.25,29265.0,29265.5,29245.5,29246.0
2023-08-04 17:27:42,29227.02,29227.31,29265.0,29265.5,29245.5,29246.0
2023-08-04 17:27:52,29229.49,29229.99,29265.0,29265.5,29248.0,29248.5
2023-08-04 17:28:03,29228.42,29229.39,29265.0,29265.5,29248.0,29248.5
2023-08-04 17:28:14,29230.81,29230.99,29265.0,29265.5,29248.0,29248.5
2023-08-04 17:28:25,29228.38,29229.36,29265.0,29265.5,29248.5,29249.0
2023-08-04 17:28:35,29229.1,29229.32,29265.0,29265.5,29248.5,29249.0
2023-08-04 17:28:46,29229.63,29229.81,29265.0,29265.5,29249.0,29249.5
2023-08-04 17:28:57,29228.87,29229.26,29265.0,29265.5,29249.0,29249.5
2023-08-04 17:29:08,29228.57,29229.17,29265.0,29265.5,29249.0,29249.5
2023-08-04 17:29:19,29228.98,29229.53,29265.0,29265.5,29249.0,29249.5
2023-08-04 17:29:30,29229.77,29230.53,29265.0,29265.5,29249.0,29249.5
2023-08-04 17:29:41,29228.78,29229.29,29265.0,29265.5,29249.0,29249.5
2023-08-04 17:29:52,29229.17,29229.98,29265.0,29265.5,29249.0,29249.5
2023-08-04 17:30:03,29229.85,29230.94,29265.0,29265.5,29248.5,29249.0
2023-08-04 17:30:13,29229.6,29230.89,29265.0,29265.5,29248.5,29249.0
2023-08-04 17:30:24,29228.4,29229.67,29265.0,29265.5,29248.5,29249.0
2023-08-04 17:30:35,29229.86,29230.61,29265.0,29265.5,29248.5,29249.0
2023-08-04 17:30:46,29230.18,29230.9,29265.0,29265.5,29248.5,29249.0
2023-08-04 17:30:57,29230.21,29230.53,29265.0,29265.5,29248.5,29249.0
2023-08-04 17:31:08,29229.83,29230.68,29265.0,29265.5,29248.5,29249.0
2023-08-04 17:31:19,29224.65,29225.26,29265.0,29265.5,29247.5,29248.0
2023-08-04 17:31:30,29229.66,29230.71,29265.5,29266.0,29247.5,29248.0
2023-08-04 17:31:42,29224.15,29225.06,29265.5,29266.0,29245.5,29246.0
2023-08-04 17:31:52,29221.05,29222.59,29265.5,29266.0,29243.0,29243.5
2023-08-04 17:32:03,29224.04,29224.44,29259.5,29260.0,29240.5,29241.0
2023-08-04 17:32:15,29219.46,29220.54,29259.5,29260.0,29240.5,29241.0
2023-08-04 17:32:26,29218.8,29219.59,29259.5,29260.0,29240.5,29241.0
2023-08-04 17:32:37,29218.74,29219.69,29259.5,29260.0,29239.5,29240.0
2023-08-04 17:32:48,29218.38,29218.77,29259.5,29260.0,29239.5,29240.0
2023-08-04 17:32:59,29222.78,29223.36,29259.5,29260.0,29240.0,29240.5
2023-08-04 17:33:11,29223.28,29223.74,29259.5,29260.0,29240.5,29241.0
2023-08-04 17:33:23,29224.99,29225.16,29259.5,29260.0,29240.5,29241.0
2023-08-04 17:33:35,29222.8,29223.91,29259.5,29260.0,29240.5,29241.0
2023-08-04 17:33:48,29222.09,29222.53,29259.5,29260.0,29240.5,29241.0
2023-08-04 17:34:00,29223.08,29223.45,29259.5,29260.0,29240.5,29241.0
2023-08-04 17:34:12,29222.91,29223.33,29259.5,29260.0,29240.5,29241.0
2023-08-04 17:34:24,29221.08,29221.82,29259.5,29260.0,29240.5,29241.0
2023-08-04 17:34:35,29220.29,29220.92,29259.5,29260.0,29239.5,29240.0
2023-08-04 17:34:46,29220.01,29221.12,29259.5,29260.0,29239.5,29240.0
2023-08-04 17:34:57,29215.0,29215.76,29254.5,29255.0,29232.5,29233.0
2023-08-04 17:35:09,29214.58,29215.29,29254.5,29255.0,29232.5,29233.0
2023-08-04 17:35:21,29212.31,29212.9,29253.5,29254.0,29232.5,29233.0
2023-08-04 17:35:32,29212.73,29213.52,29253.5,29254.0,29232.5,29233.0
2023-08-04 17:59:01,29220.57,29221.41,29257.5,29258.0,29242.5,29243.0
2023-08-04 17:59:12,29225.65,29226.58,29257.5,29258.0,29242.5,29243.0
2023-08-04 17:59:25,29225.27,29225.29,29257.5,29258.0,29242.5,29243.0
2023-08-04 17:59:37,29222.16,29222.31,29257.5,29258.0,29242.5,29243.0
2023-08-04 17:59:48,29221.79,29222.51,29257.5,29258.0,29243.5,29244.0
2023-08-04 17:59:59,29224.39,29224.89,29257.5,29258.0,29243.5,29244.0
2023-08-04 18:00:09,29227.34,29227.97,29259.0,29259.5,29243.5,29244.0
2023-08-04 18:00:22,29228.27,29229.24,29261.5,29262.0,29247.0,29247.5
2023-08-04 18:00:34,29232.28,29233.5,29261.5,29262.0,29249.0,29249.5
2023-08-04 18:00:46,29229.14,29229.91,29261.5,29262.0,29250.5,29251.0
2023-08-04 18:00:57,29231.23,29231.95,29261.5,29262.0,29248.0,29248.5
2023-08-04 18:01:09,29229.87,29230.38,29261.5,29262.0,29248.0,29248.5
2023-08-04 18:01:22,29230.24,29230.76,29261.5,29262.0,29250.0,29250.5
2023-08-04 18:01:33,29229.75,29230.98,29261.5,29262.0,29248.5,29249.0
2023-08-04 18:01:45,29231.02,29231.44,29261.5,29262.0,29248.5,29249.0
2023-08-04 18:01:57,29228.27,29228.74,29261.5,29262.0,29244.5,29245.0
2023-08-04 18:02:08,29228.38,29229.04,29261.5,29262.0,29246.5,29247.0
2023-08-04 18:07:09,29226.28,29226.5,29260.5,29261.0,29242.0,29242.5
2023-08-04 18:07:20,29230.49,29230.93,29261.5,29262.0,29244.0,29244.5
2023-08-04 18:07:31,29226.72,29227.25,29261.5,29262.0,29245.5,29246.0
2023-08-04 18:07:42,29230.38,29230.59,29261.5,29262.0,29246.0,29246.5
2023-08-04 18:07:52,29230.42,29231.14,29261.5,29262.0,29246.0,29246.5
2023-08-04 18:08:03,29225.09,29225.34,29261.5,29262.0,29245.5,29246.0
2023-08-04 18:08:15,29226.97,29227.17,29261.5,29262.0,29245.5,29246.0
2023-08-04 18:08:26,29226.72,29227.15,29261.5,29262.0,29245.5,29246.0
2023-08-04 18:22:31,29210.02,29210.92,29255.0,29255.5,29229.5,29230.5
2023-08-04 18:23:47,29206.0,29207.04,29254.5,29255.0,29227.0,29227.5
2023-08-04 18:23:58,29206.25,29206.67,29254.5,29255.0,29226.0,29226.5
2023-08-04 18:24:10,29206.6,29207.69,29254.5,29255.0,29226.0,29226.5
2023-08-04 18:24:21,29207.0,29207.5,29254.5,29255.0,29225.5,29226.0
2023-08-04 18:24:33,29205.5,29206.41,29253.5,29254.0,29225.5,29226.0
2023-08-04 18:24:45,29205.44,29206.27,29253.5,29254.0,29225.5,29226.0
2023-08-04 18:24:57,29204.83,29205.55,29253.5,29254.0,29225.0,29225.5
2023-08-04 18:25:09,29205.62,29206.67,29253.5,29254.0,29225.0,29225.5
2023-08-04 18:25:20,29206.74,29207.59,29252.5,29253.0,29225.0,29225.5
2023-08-04 18:25:31,29194.0,29195.75,29234.0,29234.5,29212.5,29213.0
2023-08-04 18:25:42,29199.69,29201.71,29234.0,29234.5,29215.0,29215.5
2023-08-04 18:25:53,29201.91,29202.82,29234.0,29234.5,29216.5,29217.0
2023-08-04 18:26:04,29210.52,29211.44,29243.0,29243.5,29223.0,29223.5
2023-08-04 18:26:15,29210.42,29210.69,29247.5,29248.0,29225.5,29226.0
2023-08-04 18:26:26,29202.33,29203.24,29247.5,29248.0,29221.0,29221.5
2023-08-04 18:26:36,29201.37,29201.81,29247.5,29248.0,29220.5,29221.0
2023-08-04 18:26:49,29203.47,29204.26,29246.0,29246.5,29220.0,29220.5
2023-08-04 18:27:00,29201.19,29202.4,29246.0,29246.5,29220.0,29220.5
2023-08-04 18:27:11,29210.06,29210.48,29246.0,29246.5,29222.5,29223.0
2023-08-04 18:27:22,29208.73,29209.44,29246.0,29246.5,29225.0,29225.5
2023-08-04 18:27:32,29206.58,29207.51,29246.0,29246.5,29225.0,29225.5
2023-08-04 18:27:43,29206.96,29207.33,29246.0,29246.5,29225.0,29225.5
2023-08-04 18:27:54,29206.94,29207.12,29246.0,29246.5,29225.0,29225.5
2023-08-04 18:28:05,29208.96,29209.77,29246.0,29246.5,29225.0,29225.5
2023-08-04 18:28:15,29212.51,29212.92,29246.0,29246.5,29225.5,29226.0
2023-08-04 18:28:26,29210.04,29210.29,29246.0,29246.5,29225.5,29226.0
2023-08-04 18:28:37,29210.58,29210.71,29246.0,29246.5,29225.5,29226.0
2023-08-04 18:28:48,29208.45,29209.53,29246.0,29246.5,29225.5,29226.0
2023-08-04 18:28:58,29207.18,29208.0,29246.0,29246.5,29225.5,29226.0
2023-08-04 18:29:09,29208.83,29209.44,29246.0,29246.5,29225.5,29226.0
2023-08-04 18:29:20,29207.79,29208.51,29246.0,29246.5,29225.5,29226.0
2023-08-04 18:29:31,29207.05,29208.04,29246.0,29246.5,29225.5,29226.0
2023-08-04 18:29:42,29207.15,29207.68,29246.0,29246.5,29225.5,29226.0
2023-08-04 18:29:54,29204.39,29204.73,29246.0,29246.5,29225.5,29226.0
2023-08-04 18:30:06,29202.83,29204.3,29246.0,29246.5,29219.0,29219.5
2023-08-04 18:30:17,29203.15,29203.77,29246.0,29246.5,29219.0,29219.5
2023-08-04 18:30:28,29201.97,29202.02,29246.0,29246.5,29219.0,29219.5
2023-08-04 18:30:38,29198.29,29198.77,29241.0,29241.5,29218.5,29219.0
2023-08-04 18:30:51,29200.74,29200.98,29241.0,29241.5,29218.0,29218.5
2023-08-04 18:31:02,29201.34,29201.5,29241.0,29241.5,29218.0,29218.5
2023-08-04 18:31:12,29198.5,29198.6,29241.0,29241.5,29218.0,29218.5
2023-08-04 18:31:24,29196.62,29196.98,29241.0,29241.5,29217.5,29218.0
2023-08-04 18:31:36,29199.13,29199.96,29241.0,29241.5,29217.0,29217.5
2023-08-04 18:31:47,29198.0,29198.68,29241.0,29241.5,29217.0,29217.5
2023-08-04 18:31:59,29198.28,29199.08,29241.0,29241.5,29217.0,29217.5
2023-08-04 18:32:10,29198.12,29198.99,29241.0,29241.5,29216.5,29217.0
2023-08-04 18:32:21,29197.1,29197.71,29241.0,29241.5,29216.0,29216.5
2023-08-04 18:32:33,29191.25,29192.24,29231.5,29232.0,29212.5,29213.0
2023-08-04 18:32:46,29191.41,29192.39,29231.5,29232.0,29209.0,29209.5
2023-08-04 18:32:57,29197.43,29198.28,29231.5,29232.0,29212.0,29212.5
2023-08-04 18:33:07,29196.8,29197.08,29231.5,29232.0,29212.0,29212.5
2023-08-04 18:33:18,29195.11,29195.57,29231.5,29232.0,29212.0,29212.5
2023-08-04 18:33:29,29195.0,29195.84,29231.5,29232.0,29212.0,29212.5
2023-08-04 18:33:39,29194.9,29195.07,29231.5,29232.0,29212.0,29212.5
2023-08-04 18:33:50,29195.2,29195.38,29231.5,29232.0,29212.0,29212.5
2023-08-04 18:34:01,29195.49,29195.72,29231.5,29232.0,29212.0,29212.5
2023-08-04 18:34:12,29194.36,29195.02,29231.5,29232.0,29212.0,29212.5
2023-08-04 18:34:22,29196.75,29197.35,29231.5,29232.0,29212.0,29212.5
2023-08-04 18:34:33,29193.66,29194.51,29231.5,29232.0,29212.0,29212.5
2023-08-04 18:34:45,29191.46,29191.97,29231.5,29232.0,29212.0,29212.5
2023-08-04 18:34:57,29190.49,29191.1,29231.5,29232.0,29209.5,29210.0
2023-08-04 18:35:09,29190.58,29191.23,29231.5,29232.0,29209.5,29210.0
2023-08-04 18:35:21,29187.47,29188.36,29231.5,29232.0,29208.5,29209.0
2023-08-04 18:35:33,29188.0,29188.77,29231.5,29232.0,29208.0,29208.5
2023-08-04 18:35:46,29184.92,29185.16,29231.5,29232.0,29204.0,29204.5
2023-08-04 18:35:58,29180.83,29181.51,29225.0,29225.5,29202.0,29202.5
2023-08-04 18:36:10,29185.43,29185.76,29225.0,29225.5,29201.5,29202.0
2023-08-04 18:36:20,29184.75,29184.93,29225.0,29225.5,29202.5,29203.0
2023-08-04 18:36:31,29181.56,29181.75,29225.0,29225.5,29202.0,29202.5
2023-08-04 18:36:43,29180.53,29180.94,29225.0,29225.5,29202.0,29202.5
2023-08-04 18:36:55,29179.66,29180.1,29225.0,29225.5,29202.0,29202.5
2023-08-04 18:37:07,29178.84,29179.78,29225.0,29225.5,29202.0,29202.5
2023-08-04 18:37:19,29179.16,29180.22,29225.0,29225.5,29202.0,29202.5
2023-08-04 18:37:31,29177.25,29177.51,29222.0,29222.5,29196.0,29196.5
2023-08-04 18:37:42,29176.59,29177.42,29222.0,29222.5,29196.0,29196.5
2023-08-04 18:37:53,29179.99,29180.9,29222.0,29222.5,29195.0,29195.5
2023-08-04 18:38:04,29176.81,29177.12,29222.0,29222.5,29196.0,29196.5
2023-08-04 18:38:16,29175.13,29175.76,29221.5,29222.0,29195.0,29195.5
2023-08-04 18:38:28,29177.06,29177.4,29221.0,29221.5,29195.0,29195.5
2023-08-04 18:38:39,29177.34,29178.07,29221.0,29221.5,29195.0,29195.5
2023-08-04 18:38:49,29176.08,29176.17,29221.0,29221.5,29195.0,29195.5
2023-08-04 18:39:01,29171.08,29172.05,29216.0,29216.5,29191.0,29191.5
2023-08-04 18:39:13,29178.09,29178.73,29216.5,29217.0,29194.5,29195.0
2023-08-04 18:39:24,29177.57,29177.89,29216.5,29217.0,29196.5,29197.0
2023-08-04 18:39:34,29174.5,29175.24,29216.5,29217.0,29195.0,29195.5
2023-08-04 18:45:26,29180.44,29181.37,29207.5,29208.0,29193.0,29193.5
2023-08-04 18:46:59,29175.26,29175.84,29207.5,29208.0,29187.5,29188.0
2023-08-04 18:47:25,29170.46,29171.22,29207.5,29208.0,29187.5,29188.0
2023-08-04 18:47:36,29176.37,29176.77,29207.5,29208.0,29188.0,29188.5
2023-08-04 18:47:48,29174.88,29175.53,29207.5,29208.0,29190.5,29191.0
2023-08-04 18:48:00,29177.26,29178.0,29207.5,29208.0,29191.0,29191.5
2023-08-04 18:48:11,29176.34,29176.69,29207.5,29208.0,29191.0,29191.5
2023-08-04 18:48:21,29180.61,29181.05,29207.5,29208.0,29192.5,29193.0
2023-08-04 18:48:32,29181.53,29182.03,29207.5,29208.0,29193.0,29193.5
2023-08-04 18:48:43,29180.95,29181.92,29207.5,29208.0,29194.0,29194.5
2023-08-04 18:48:53,29180.77,29181.51,29207.5,29208.0,29194.0,29194.5
2023-08-04 18:49:04,29179.99,29180.65,29207.5,29208.0,29194.0,29194.5
2023-08-04 18:49:15,29179.01,29179.96,29207.5,29208.0,29194.0,29194.5
2023-08-04 18:49:26,29179.8,29180.56,29207.5,29208.0,29194.0,29194.5
2023-08-04 18:49:37,29176.59,29176.98,29210.5,29211.0,29193.5,29194.0
2023-08-04 18:49:48,29175.86,29176.5,29210.5,29211.0,29192.0,29192.5
2023-08-04 18:49:58,29179.57,29180.06,29210.5,29211.0,29192.0,29192.5
2023-08-04 18:50:09,29179.04,29179.33,29210.5,29211.0,29192.0,29192.5
2023-08-04 18:50:20,29178.55,29179.06,29210.5,29211.0,29192.0,29192.5
2023-08-04 18:50:31,29179.19,29179.43,29210.5,29211.0,29192.0,29192.5
2023-08-04 18:50:42,29179.03,29179.37,29210.5,29211.0,29192.0,29192.5
2023-08-04 18:50:53,29184.28,29185.53,29210.5,29211.0,29194.0,29194.5
2023-08-04 18:51:04,29183.05,29183.71,29210.5,29211.0,29194.5,29195.0
2023-08-04 18:51:14,29181.95,29182.83,29210.5,29211.0,29195.0,29195.5
2023-08-04 18:51:25,29179.15,29179.89,29210.5,29211.0,29194.5,29195.0
2023-08-04 18:51:36,29183.38,29183.64,29210.5,29211.0,29195.0,29195.5
2023-08-04 18:51:47,29182.07,29183.08,29210.5,29211.0,29195.0,29195.5
2023-08-04 18:51:57,29167.01,29168.0,29203.0,29203.5,29187.0,29187.5
2023-08-04 18:52:10,29170.0,29170.86,29203.0,29203.5,29183.5,29184.0
2023-08-04 18:52:21,29171.64,29172.03,29203.0,29203.5,29183.5,29184.0
2023-08-04 18:52:31,29170.2,29170.71,29203.0,29203.5,29184.5,29185.0
2023-08-04 18:52:42,29167.27,29168.22,29203.0,29203.5,29183.5,29184.0
2023-08-04 18:52:53,29168.67,29169.49,29203.0,29203.5,29183.5,29184.0
2023-08-04 18:53:04,29168.26,29168.66,29203.0,29203.5,29183.0,29183.5
2023-08-04 18:53:14,29168.65,29169.72,29203.0,29203.5,29183.0,29183.5
2023-08-04 18:53:25,29168.34,29169.0,29203.0,29203.5,29183.0,29183.5
2023-08-04 18:53:36,29168.55,29169.31,29203.0,29203.5,29182.5,29183.0
2023-08-04 18:53:47,29170.91,29171.92,29203.0,29203.5,29182.5,29183.0
2023-08-04 18:53:57,29170.91,29171.5,29203.0,29203.5,29182.5,29183.0
2023-08-04 18:54:08,29167.99,29168.99,29203.0,29203.5,29183.0,29183.5
2023-08-04 18:54:19,29169.08,29169.62,29203.0,29203.5,29183.0,29183.5
2023-08-04 18:54:30,29168.14,29168.59,29203.0,29203.5,29183.0,29183.5
2023-08-04 18:54:40,29167.91,29168.25,29203.0,29203.5,29182.5,29183.0
2023-08-04 18:54:51,29169.24,29169.57,29203.0,29203.5,29182.5,29183.0
2023-08-04 18:55:02,29166.17,29166.6,29203.0,29203.5,29182.0,29182.5
2023-08-04 18:55:14,29165.47,29166.11,29203.0,29203.5,29181.5,29182.0
2023-08-04 18:55:26,29162.69,29163.63,29203.0,29203.5,29181.5,29182.0
2023-08-04 19:28:13,29102.08,29102.18,29129.0,29129.5,29116.5,29117.0
2023-08-04 19:28:23,29110.01,29110.86,29129.0,29129.5,29116.5,29117.0
2023-08-04 19:28:34,29110.62,29112.0,29132.5,29133.0,29123.5,29124.0
2023-08-04 19:28:45,29111.41,29112.47,29132.5,29133.0,29123.0,29123.5
2023-08-04 19:28:56,29107.59,29108.44,29132.5,29133.0,29121.0,29121.5
2023-08-04 19:29:07,29078.08,29081.99,29108.5,29109.0,29095.5,29096.0
2023-08-04 19:29:17,29072.76,29075.99,29104.5,29105.0,29090.0,29090.5
2023-08-04 19:29:28,29078.45,29079.35,29104.5,29105.0,29089.5,29090.0
2023-08-04 19:29:39,29081.37,29082.54,29107.5,29108.0,29090.5,29091.0
2023-08-04 19:29:50,29079.84,29081.05,29110.0,29110.5,29091.5,29092.0
2023-08-04 19:30:01,29081.47,29082.67,29110.0,29110.5,29092.5,29093.0
2023-08-04 19:30:36,29075.77,29076.82,29106.5,29107.0,29086.0,29086.5
2023-08-04 19:31:26,29110.55,29111.58,29132.5,29133.0,29121.5,29122.0
2023-08-04 19:31:37,29104.77,29105.8,29132.5,29133.0,29123.0,29123.5
2023-08-04 19:31:48,29106.12,29107.36,29132.5,29133.0,29119.5,29120.0
2023-08-04 19:31:59,29094.83,29096.0,29126.0,29126.5,29107.0,29107.5
2023-08-04 19:32:10,29090.28,29091.44,29124.0,29124.5,29107.0,29107.5
2023-08-04 19:32:21,29090.69,29091.16,29121.0,29121.5,29103.0,29103.5
2023-08-04 19:32:32,29094.99,29095.49,29121.0,29121.5,29107.5,29108.0
2023-08-04 19:32:42,29090.61,29091.67,29121.0,29121.5,29106.0,29106.5
2023-08-04 19:32:53,29078.42,29079.15,29106.5,29107.0,29092.0,29092.5
2023-08-04 19:33:04,29074.43,29075.12,29106.5,29107.0,29091.0,29091.5
2023-08-04 19:33:15,29071.0,29071.84,29106.5,29107.0,29089.0,29089.5
2023-08-04 19:33:26,29069.74,29070.96,29103.0,29103.5,29088.0,29088.5
2023-08-04 19:33:36,29068.97,29069.89,29102.5,29103.0,29088.0,29088.5
2023-08-04 19:33:47,29075.3,29076.89,29101.0,29101.5,29088.0,29088.5
2023-08-04 19:33:58,29069.23,29070.38,29101.0,29101.5,29088.0,29088.5
2023-08-04 19:34:09,29071.13,29073.15,29101.0,29101.5,29088.0,29088.5
2023-08-04 19:34:20,29068.13,29069.33,29101.0,29101.5,29088.0,29088.5
2023-08-04 19:34:30,29061.01,29061.94,29096.0,29096.5,29078.0,29078.5
2023-08-04 19:34:41,29069.59,29070.67,29096.0,29096.5,29080.0,29080.5
2023-08-04 19:34:52,29070.73,29072.05,29096.0,29096.5,29081.0,29081.5
2023-08-04 19:35:03,29067.21,29067.89,29096.0,29096.5,29081.0,29081.5
2023-08-04 19:35:13,29063.02,29064.32,29096.0,29096.5,29081.0,29081.5
2023-08-04 19:35:24,29060.3,29061.59,29096.0,29096.5,29080.0,29080.5
2023-08-04 19:35:35,29056.11,29057.25,29093.0,29093.5,29076.5,29077.0
2023-08-04 19:35:46,29055.11,29056.45,29093.0,29093.5,29076.0,29076.5
2023-08-04 19:35:56,29052.02,29053.2,29089.0,29089.5,29071.0,29071.5
2023-08-04 19:36:07,29057.33,29058.9,29085.0,29085.5,29069.5,29070.0
2023-08-04 19:36:18,29055.05,29055.93,29085.0,29085.5,29069.0,29069.5
2023-08-04 19:36:29,29059.09,29060.92,29085.0,29085.5,29070.0,29070.5
2023-08-04 19:36:40,29054.0,29054.73,29085.0,29085.5,29071.0,29071.5
2023-08-04 19:36:51,29056.17,29060.0,29085.0,29085.5,29061.0,29061.5
2023-08-04 19:37:02,29048.92,29050.68,29085.0,29085.5,29065.5,29066.0
2023-08-04 19:37:13,29046.1,29047.34,29082.0,29082.5,29061.5,29062.0
2023-08-04 19:37:23,29041.14,29043.13,29072.0,29072.5,29054.0,29054.5
2023-08-04 19:37:34,29060.27,29061.58,29089.5,29090.0,29074.0,29074.5
2023-08-04 19:37:45,29060.35,29062.44,29089.5,29090.0,29075.0,29075.5
2023-08-04 19:37:56,29058.51,29059.22,29091.0,29091.5,29078.0,29078.5
2023-08-04 19:38:07,29051.26,29052.23,29082.0,29082.5,29067.5,29068.0
2023-08-04 19:38:18,29051.81,29053.0,29078.5,29079.0,29064.0,29064.5
2023-08-04 19:38:29,29058.79,29060.0,29084.5,29085.0,29070.5,29071.0
2023-08-04 19:38:40,29042.2,29043.93,29078.5,29079.0,29061.5,29062.0
2023-08-04 19:38:51,29046.18,29046.62,29078.5,29079.0,29062.0,29062.5
2023-08-04 19:39:01,29047.6,29048.64,29073.5,29074.0,29060.0,29060.5
2023-08-04 19:39:12,29047.55,29048.13,29081.0,29081.5,29065.5,29066.0
2023-08-04 19:39:23,29046.55,29046.81,29077.5,29078.0,29063.5,29064.0
2023-08-04 19:39:34,29039.62,29040.64,29073.5,29074.0,29057.0,29057.5
2023-08-04 19:39:45,29030.62,29031.95,29067.0,29067.5,29053.0,29053.5
2023-08-04 19:39:56,29031.91,29032.9,29067.0,29067.5,29050.0,29050.5
2023-08-04 19:40:07,29038.33,29039.87,29066.5,29067.0,29052.5,29053.0
2023-08-04 19:40:17,29022.22,29023.96,29052.5,29053.0,29043.0,29043.5
2023-08-04 19:40:28,29017.46,29018.77,29048.5,29049.0,29036.0,29036.5
2023-08-04 19:40:39,29012.93,29014.88,29043.0,29043.5,29025.5,29026.0
2023-08-04 19:40:51,29007.2,29008.0,29035.0,29035.5,29024.0,29024.5
2023-08-04 19:41:02,29012.12,29013.98,29033.0,29033.5,29022.5,29023.0
2023-08-04 19:41:14,29008.19,29008.23,29033.5,29034.0,29020.5,29021.0
2023-08-04 19:41:26,29010.09,29012.49,29036.5,29037.0,29023.5,29024.0
2023-08-04 19:41:38,29014.47,29016.2,29044.0,29044.5,29032.5,29033.0
2023-08-04 19:41:50,29012.91,29014.49,29036.5,29037.0,29024.0,29024.5
2023-08-04 19:42:01,29007.66,29009.37,29032.5,29033.0,29020.0,29020.5
2023-08-04 19:42:11,29012.42,29013.87,29039.5,29040.0,29027.0,29027.5
2023-08-04 19:42:22,29007.39,29008.59,29033.0,29033.5,29020.0,29020.5
2023-08-04 19:42:33,29018.25,29019.61,29039.5,29040.0,29026.5,29027.5
2023-08-04 19:42:44,29009.12,29009.52,29039.5,29040.0,29023.0,29023.5
2023-08-04 19:42:54,28996.5,28999.24,29023.5,29024.0,29008.0,29009.0
2023-08-04 19:43:05,28980.05,28982.86,29009.5,29010.0,28994.5,28996.0
2023-08-04 19:43:16,29012.85,29015.83,29035.5,29036.0,29029.0,29029.5
2023-08-04 19:43:27,28993.75,28995.44,29021.5,29022.0,29008.0,29009.5
2023-08-04 19:43:38,28996.55,28998.0,29017.5,29018.0,29004.5,29005.0
2023-08-04 19:43:49,29010.32,29010.91,29030.5,29031.0,29021.5,29022.0
2023-08-04 19:44:00,29016.62,29018.78,29044.0,29044.5,29029.5,29030.0
2023-08-04 19:44:10,29018.0,29018.79,29044.0,29044.5,29029.5,29030.0
2023-08-04 19:44:21,29012.76,29013.99,29039.0,29039.5,29029.5,29030.0
2023-08-04 19:44:33,29021.1,29022.34,29039.5,29040.0,29030.5,29031.0
2023-08-04 19:44:45,29016.32,29017.61,29034.0,29034.5,29029.0,29029.5
2023-08-04 19:44:58,29010.57,29011.45,29039.5,29040.0,29026.0,29026.5
2023-08-04 19:45:08,28999.49,29000.93,29022.5,29023.0,29010.0,29010.5
2023-08-04 19:45:20,28984.42,28984.65,29010.5,29011.0,28997.0,28997.5
2023-08-04 19:45:31,28970.14,28970.84,29001.0,29001.5,28984.0,28984.5
2023-08-04 19:45:42,28968.01,28969.83,28991.5,28992.0,28982.5,28983.0
2023-08-04 19:45:53,28966.92,28969.07,28990.5,28991.0,28983.0,28983.5
2023-08-04 19:46:04,28958.53,28960.8,28985.0,28985.5,28975.0,28975.5
2023-08-04 19:46:14,28926.01,28927.93,28945.0,28945.5,28929.0,28930.0
2023-08-04 19:46:26,28948.25,28951.58,28973.0,28973.5,28956.5,28957.0
2023-08-04 19:46:38,28947.55,28949.41,28972.5,28973.0,28958.0,28958.5
2023-08-04 19:46:49,28951.31,28952.71,28975.0,28975.5,28962.0,28962.5
2023-08-04 19:47:00,28961.84,28963.31,28983.0,28983.5,28968.5,28969.0
2023-08-04 19:47:11,28965.44,28967.5,28991.5,28992.0,28981.5,28982.0
2023-08-04 19:47:24,28971.62,28973.52,28999.5,29000.0,28987.0,28987.5
2023-08-04 19:47:34,28976.49,28979.01,29008.0,29008.5,28991.5,28992.0
2023-08-04 19:47:45,28983.5,28984.9,29007.5,29008.0,28994.5,28995.0
2023-08-04 19:47:57,28968.0,28968.89,28998.0,28998.5,28983.5,28984.0
2023-08-04 19:48:08,28968.49,28970.32,28993.0,28993.5,28983.5,28984.0
2023-08-04 19:48:19,28982.43,28984.38,29006.0,29006.5,28996.0,28996.5
2023-08-04 19:48:30,29000.84,29002.56,29023.5,29024.0,29013.5,29014.0
2023-08-04 19:48:41,29005.76,29007.27,29027.5,29028.0,29021.5,29022.0
2023-08-04 19:48:51,28999.37,29000.49,29027.5,29028.0,29013.0,29014.0
2023-08-04 19:49:02,28995.5,28996.93,29022.5,29023.0,29009.0,29009.5
2023-08-04 19:49:13,28999.66,29000.5,29022.0,29022.5,29009.5,29010.0
2023-08-04 19:49:25,28995.46,28996.96,29022.0,29022.5,29009.5,29010.0
2023-08-04 19:49:36,28991.92,28993.33,29020.5,29021.0,29007.5,29008.0
2023-08-04 19:49:47,28990.01,28990.97,29012.5,29013.0,29004.0,29004.5
2023-08-04 19:49:57,28989.57,28991.15,29012.0,29012.5,29003.5,29004.0
2023-08-04 19:50:08,28983.54,28984.74,29010.0,29010.5,28999.0,28999.5
2023-08-04 19:50:19,28983.48,28984.95,29008.0,29008.5,28995.0,28995.5
2023-08-04 19:50:31,28990.11,28991.23,29009.5,29010.0,28999.5,29000.0
2023-08-04 19:50:42,29001.11,29002.0,29019.0,29019.5,29012.0,29012.5
2023-08-04 19:50:52,29008.32,29011.39,29027.5,29028.0,29018.0,29018.5
2023-08-04 19:51:03,29024.47,29025.71,29044.0,29044.5,29037.0,29037.5
2023-08-04 19:51:14,29027.76,29028.27,29054.0,29054.5,29043.0,29043.5
2023-08-04 19:51:26,29031.51,29033.85,29054.0,29054.5,29046.0,29046.5
2023-08-04 19:51:36,29029.19,29031.0,29054.0,29054.5,29045.0,29045.5
2023-08-04 19:51:47,29029.17,29030.0,29054.0,29054.5,29045.0,29045.5
2023-08-04 19:51:58,29028.32,29029.28,29053.5,29054.0,29046.0,29046.5
2023-08-04 19:52:09,29033.92,29035.99,29052.0,29052.5,29045.5,29046.0
2023-08-04 19:52:21,29043.57,29044.89,29058.5,29059.0,29051.5,29052.0
2023-08-04 19:52:33,29038.48,29039.85,29058.0,29058.5,29053.5,29054.0
2023-08-04 19:52:44,29061.04,29063.13,29079.0,29079.5,29073.0,29073.5
2023-08-04 19:52:56,29056.18,29057.71,29079.0,29079.5,29070.5,29071.0
2023-08-04 19:53:07,29054.21,29055.97,29075.5,29076.0,29067.5,29068.0
2023-08-04 19:53:18,29044.79,29046.71,29064.0,29064.5,29056.5,29057.0
2023-08-04 19:53:30,29032.76,29034.08,29054.0,29054.5,29051.0,29051.5
2023-08-04 19:53:43,29030.68,29031.72,29047.0,29047.5,29045.0,29045.5
2023-08-04 19:53:55,29033.27,29034.77,29048.0,29048.5,29042.0,29042.5
2023-08-04 19:54:34,29017.2,29018.53,29041.5,29042.0,29036.0,29036.5
2023-08-04 19:54:44,29011.4,29012.74,29035.0,29035.5,29023.5,29024.0
2023-08-04 19:54:55,29007.52,29009.7,29023.5,29024.0,29020.0,29020.5
2023-08-04 19:55:08,29008.0,29008.9,29030.5,29031.0,29023.0,29023.5
2023-08-04 19:55:18,29013.82,29014.79,29029.0,29029.5,29024.5,29025.0
2023-08-04 19:55:31,29009.27,29010.28,29026.0,29026.5,29024.0,29024.5
2023-08-04 19:55:41,29005.15,29006.51,29022.5,29023.0,29018.0,29018.5
2023-08-04 19:55:52,29001.19,29002.73,29020.0,29020.5,29016.0,29016.5
2023-08-04 19:56:03,29002.3,29003.27,29018.0,29018.5,29016.0,29016.5
2023-08-04 19:56:13,29007.0,29008.14,29018.0,29018.5,29016.5,29017.0
2023-08-04 19:56:25,29002.07,29002.9,29018.0,29018.5,29016.5,29017.0
2023-08-04 19:56:36,29000.31,29001.58,29017.0,29017.5,29016.0,29016.5
2023-08-04 19:56:47,28999.67,29000.61,29016.5,29017.0,29016.0,29016.5
2023-08-04 19:56:58,29000.66,29002.23,29015.0,29015.5,29015.0,29015.5
2023-08-04 19:57:08,28990.49,28991.48,29011.0,29011.5,29008.0,29008.5
2023-08-04 19:57:19,28992.21,28993.36,29011.0,29011.5,29006.0,29006.5
2023-08-04 19:57:30,29004.77,29006.33,29020.5,29021.0,29015.5,29016.0
2023-08-04 19:57:42,29011.0,29012.28,29026.5,29027.0,29021.5,29022.0
2023-08-04 19:57:54,29012.14,29013.24,29026.5,29027.0,29022.0,29022.5
2023-08-04 19:58:06,29035.04,29037.49,29052.0,29052.5,29046.0,29046.5
2023-08-04 19:58:18,29029.79,29030.99,29048.0,29048.5,29046.0,29046.5
2023-08-04 19:58:28,29032.47,29033.97,29044.0,29044.5,29041.5,29042.0
2023-08-04 19:58:40,29024.12,29025.0,29041.0,29041.5,29040.0,29040.5
2023-08-04 19:58:51,29031.1,29032.58,29040.5,29041.0,29039.5,29040.0
2023-08-04 19:59:03,29038.27,29039.94,29048.0,29048.5,29044.5,29045.0
2023-08-04 19:59:16,29038.32,29039.86,29055.5,29056.0,29050.5,29051.0
2023-08-04 19:59:27,29035.0,29035.94,29051.0,29051.5,29049.0,29049.5
2023-08-04 19:59:37,29037.2,29037.99,29048.0,29048.5,29046.0,29046.5
2023-08-04 19:59:49,29043.11,29044.74,29055.5,29056.0,29051.0,29051.5
2023-08-04 20:00:00,29030.37,29031.82,29048.5,29049.0,29050.0,29050.5
2023-08-04 20:00:12,29027.1,29028.6,29042.0,29042.5,29036.0,29037.0
2023-08-04 20:00:23,29030.0,29031.21,29045.5,29046.0,29039.5,29040.0
2023-08-04 20:00:34,29030.19,29031.88,29045.5,29046.0,29040.5,29041.0
2023-08-04 20:00:45,29044.86,29046.43,29058.5,29059.0,29051.5,29052.0
2023-08-04 20:00:56,29046.11,29047.25,29059.0,29059.5,29056.0,29056.5
2023-08-04 20:01:07,29041.02,29042.32,29059.0,29059.5,29055.0,29055.5
2023-08-04 20:01:18,29041.87,29042.7,29059.0,29059.5,29053.5,29054.0
2023-08-04 20:01:29,29037.44,29038.42,29059.0,29059.5,29051.0,29051.5
2023-08-04 20:01:40,29036.8,29037.19,29057.0,29057.5,29049.0,29049.5
2023-08-04 20:01:50,29043.33,29045.2,29057.0,29057.5,29048.0,29048.5
2023-08-04 20:02:01,29041.65,29043.13,29057.0,29057.5,29049.0,29049.5
2023-08-04 20:02:12,29040.12,29040.38,29056.0,29056.5,29048.0,29048.5
2023-08-04 20:02:23,29040.5,29041.93,29056.0,29056.5,29048.0,29048.5
2023-08-04 20:02:33,29041.12,29041.63,29056.0,29056.5,29049.0,29049.5
2023-08-04 20:02:44,29041.09,29042.22,29056.0,29056.5,29050.0,29051.0
2023-08-04 20:02:55,29047.26,29048.22,29059.5,29060.0,29055.5,29056.0
2023-08-04 20:03:06,29049.36,29050.81,29059.5,29060.0,29055.5,29056.0
2023-08-04 20:03:17,29049.18,29050.37,29059.5,29060.0,29057.5,29058.0
2023-08-04 20:03:28,29058.28,29059.4,29068.5,29069.0,29064.5,29065.0
2023-08-04 20:03:39,29053.32,29055.5,29068.5,29069.0,29068.0,29068.5
2023-08-04 20:03:51,29046.38,29047.66,29058.5,29059.0,29057.5,29058.0
2023-08-04 20:04:02,29043.89,29045.17,29058.5,29059.0,29057.5,29058.0
2023-08-04 20:04:14,29039.54,29040.01,29053.5,29054.0,29049.5,29050.0
2023-08-04 20:04:24,29037.25,29038.45,29052.0,29052.5,29049.0,29049.5
2023-08-04 20:04:35,29036.24,29037.0,29052.0,29052.5,29047.5,29048.0
2023-08-04 20:04:46,29033.66,29034.46,29052.0,29052.5,29048.0,29048.5
2023-08-04 20:04:58,29035.56,29036.64,29047.5,29048.0,29046.0,29046.5
2023-08-04 20:05:08,29036.26,29037.36,29047.5,29048.0,29046.0,29046.5
2023-08-04 20:05:19,29031.86,29032.88,29047.5,29048.0,29043.5,29044.0
2023-08-04 20:05:30,29027.21,29028.67,29047.5,29048.0,29042.0,29043.0
2023-08-04 20:05:42,29026.0,29027.09,29042.0,29042.5,29036.5,29037.0
2023-08-04 20:05:53,29023.73,29025.63,29042.0,29042.5,29035.5,29036.0
2023-08-04 20:06:03,29024.83,29025.71,29041.5,29042.0,29035.0,29035.5
2023-08-04 20:06:14,29025.0,29025.73,29041.5,29042.0,29035.0,29035.5
2023-08-04 20:06:25,29024.02,29024.94,29041.5,29042.0,29035.0,29035.5
2023-08-04 20:06:36,29023.47,29024.66,29041.5,29042.0,29035.0,29035.5
2023-08-04 20:06:47,29030.07,29030.68,29041.5,29042.0,29036.5,29037.0
2023-08-04 20:06:58,29037.06,29038.61,29046.0,29046.5,29043.0,29043.5
2023-08-04 20:07:08,29040.92,29041.99,29057.5,29058.0,29052.0,29052.5
2023-08-04 20:07:20,29040.94,29042.37,29057.5,29058.0,29052.5,29053.0
2023-08-04 20:07:31,29036.64,29037.78,29055.5,29056.0,29049.5,29050.0
2023-08-04 20:07:43,29036.57,29037.47,29055.5,29056.0,29049.5,29050.0
2023-08-04 20:07:55,29035.98,29037.01,29055.5,29056.0,29049.5,29050.0
2023-08-04 20:08:06,29039.35,29040.38,29055.5,29056.0,29050.5,29051.0
2023-08-04 20:08:16,29026.64,29028.22,29045.5,29046.0,29042.5,29043.5
2023-08-04 20:08:27,29022.63,29024.05,29045.0,29045.5,29039.5,29040.0
2023-08-04 20:08:38,29030.12,29032.21,29042.0,29042.5,29037.0,29037.5
2023-08-04 20:08:50,29032.37,29033.66,29045.0,29045.5,29043.0,29043.5
2023-08-04 20:09:00,29025.48,29027.02,29045.0,29045.5,29040.0,29041.0
2023-08-04 20:09:11,29029.97,29030.59,29045.0,29045.5,29037.5,29038.0
2023-08-04 20:09:23,29026.01,29027.69,29045.0,29045.5,29040.5,29041.0
2023-08-04 20:09:34,29023.69,29024.92,29045.0,29045.5,29038.0,29038.5
2023-08-04 20:09:44,29022.16,29023.66,29042.0,29042.5,29038.5,29039.0
2023-08-04 20:09:55,29016.12,29017.47,29033.0,29033.5,29028.5,29029.0
2023-08-04 20:10:06,29036.91,29038.62,29054.0,29054.5,29046.0,29046.5
2023-08-04 20:10:18,29023.71,29026.0,29042.0,29042.5,29041.0,29041.5
2023-08-04 20:10:30,29020.04,29021.65,29042.0,29042.5,29036.5,29037.0
2023-08-04 20:10:42,29019.0,29019.84,29038.5,29039.0,29034.0,29034.5
2023-08-04 20:10:54,29017.95,29018.99,29038.5,29039.0,29033.5,29034.0
2023-08-04 20:11:05,29014.7,29015.45,29033.5,29034.0,29032.0,29032.5
2023-08-04 20:11:16,29014.42,29016.8,29033.5,29034.0,29026.0,29026.5
2023-08-04 20:11:27,29019.73,29020.26,29033.5,29034.0,29028.0,29028.5
2023-08-04 20:11:39,29013.02,29014.04,29025.0,29025.5,29026.0,29026.5
2023-08-04 20:11:50,29012.11,29013.0,29025.0,29025.5,29025.5,29026.0
2023-08-04 20:12:01,29011.47,29012.58,29025.0,29025.5,29025.0,29025.5
2023-08-04 20:12:12,29009.6,29010.79,29025.0,29025.5,29025.0,29025.5
2023-08-04 20:12:23,29015.75,29016.99,29025.0,29025.5,29025.0,29025.5
2023-08-04 20:12:35,29020.47,29021.79,29039.5,29040.0,29034.5,29035.0
2023-08-04 20:12:46,29025.25,29025.81,29039.5,29040.0,29035.5,29036.0
2023-08-04 20:12:58,29026.81,29027.41,29039.5,29040.0,29037.0,29037.5
2023-08-04 20:13:10,29024.8,29026.81,29039.5,29040.0,29037.0,29037.5
2023-08-04 20:13:21,29028.15,29029.32,29039.5,29040.0,29037.5,29038.0
2023-08-04 20:13:33,29026.93,29028.21,29039.5,29040.0,29038.0,29038.5
2023-08-04 20:13:45,29030.06,29032.41,29041.5,29042.0,29038.0,29038.5
2023-08-04 20:13:57,29039.83,29041.04,29053.0,29053.5,29048.0,29048.5
2023-08-04 20:14:09,29038.84,29039.53,29053.0,29053.5,29048.0,29048.5
2023-08-04 20:14:21,29043.94,29045.29,29053.0,29053.5,29048.0,29048.5
2023-08-04 20:14:33,29045.04,29046.21,29053.0,29053.5,29051.5,29052.0
2023-08-04 20:14:46,29035.45,29037.23,29053.0,29053.5,29050.0,29050.5
2023-08-04 20:14:56,29035.0,29036.04,29053.0,29053.5,29050.0,29050.5
2023-08-04 20:15:07,29039.73,29040.44,29053.0,29053.5,29050.0,29050.5
2023-08-04 20:15:18,29036.8,29037.0,29053.0,29053.5,29050.0,29050.5
2023-08-04 20:15:28,29037.0,29038.37,29053.0,29053.5,29050.0,29050.5
2023-08-04 20:15:39,29038.47,29039.4,29053.0,29053.5,29050.0,29050.5
2023-08-04 20:15:50,29040.0,29040.46,29053.0,29053.5,29050.0,29050.5
2023-08-04 20:16:00,29045.33,29046.95,29053.0,29053.5,29050.5,29051.5
2023-08-04 20:16:13,29044.39,29045.72,29054.5,29055.0,29055.5,29056.0
2023-08-04 20:16:23,29050.65,29051.6,29055.5,29056.0,29058.0,29058.5
2023-08-04 20:16:36,29049.94,29051.0,29057.0,29057.5,29059.0,29059.5
2023-08-04 20:16:48,29049.1,29049.69,29057.0,29057.5,29059.5,29060.0
2023-08-04 20:16:59,29051.33,29052.13,29057.0,29057.5,29060.0,29060.5
2023-08-04 20:17:09,29056.4,29057.5,29067.0,29067.5,29066.0,29066.5
2023-08-04 20:17:20,29052.09,29053.38,29067.0,29067.5,29062.5,29063.0
2023-08-04 20:17:31,29051.83,29052.88,29067.0,29067.5,29062.5,29063.0
2023-08-04 20:17:42,29055.97,29057.0,29067.0,29067.5,29063.0,29063.5
2023-08-04 20:17:52,29057.74,29058.92,29067.0,29067.5,29065.5,29066.0
2023-08-04 20:18:03,29060.0,29061.15,29071.5,29072.0,29070.0,29070.5
2023-08-04 20:18:14,29073.27,29074.24,29080.0,29080.5,29080.5,29081.0
2023-08-04 20:18:25,29076.55,29077.46,29085.0,29085.5,29087.5,29088.0
2023-08-04 20:18:36,29074.46,29075.11,29085.0,29085.5,29085.5,29086.0
2023-08-04 20:18:46,29077.71,29078.85,29085.0,29085.5,29085.5,29086.0
2023-08-04 20:18:57,29077.27,29078.3,29085.0,29085.5,29085.5,29086.0
2023-08-04 20:19:08,29079.85,29080.62,29085.0,29085.5,29086.0,29086.5
2023-08-04 20:19:19,29076.24,29076.84,29085.0,29085.5,29088.0,29088.5
2023-08-04 20:19:32,29079.1,29079.6,29087.5,29088.0,29087.5,29088.0
2023-08-04 20:19:42,29069.17,29070.94,29087.0,29087.5,29088.0,29088.5
2023-08-04 20:19:54,29067.0,29067.89,29080.0,29080.5,29077.5,29078.0
2023-08-04 20:20:05,29060.18,29061.05,29074.5,29075.0,29076.0,29076.5
2023-08-04 20:20:17,29056.86,29057.83,29074.5,29075.0,29070.0,29070.5
2023-08-04 20:20:29,29058.67,29058.94,29074.5,29075.0,29067.5,29068.0
2023-08-04 20:20:40,29055.22,29056.21,29074.5,29075.0,29067.5,29068.0
2023-08-04 20:20:52,29064.04,29064.99,29074.5,29075.0,29069.0,29069.5
2023-08-04 20:21:03,29063.6,29063.99,29074.5,29075.0,29071.5,29072.0
2023-08-04 20:21:13,29062.52,29062.7,29074.5,29075.0,29071.5,29072.0
2023-08-04 20:21:24,29062.61,29063.0,29074.5,29075.0,29071.5,29072.0
