timestamp,Binance_BTCTUSD_Ask,Binance_BTCTUSD_Bid,Bybit_BTCUSDC_Ask,Bybit_BTCUSDC_Bid
2023-07-04 11:43:41,31021.96,31020.54,31029.6,31024.24
2023-07-04 11:43:46,31021.99,31020.79,31029.79,31024.72
2023-07-04 11:43:52,31023.99,31022.63,31031.98,31026.33
2023-07-04 11:43:57,31017.98,31016.37,31025.67,31020.92
2023-07-04 11:44:02,31023.06,31020.84,31030.24,31026.0
2023-07-04 11:44:07,31026.06,31024.49,31033.76,31031.05
2023-07-04 11:44:13,31023.13,31022.39,31032.74,31027.58
2023-07-04 11:44:18,31023.8,31022.13,31032.72,31028.64
2023-07-04 11:44:23,31027.09,31025.7,31035.08,31028.92
2023-07-04 11:44:28,31022.38,31021.07,31031.2,31025.1
2023-07-04 11:44:33,31022.8,31021.71,31031.74,31025.29
2023-07-04 11:44:39,31023.43,31021.82,31031.97,31025.54
2023-07-04 11:44:44,31021.28,31019.64,31028.0,31022.91
2023-07-04 11:44:49,31022.38,31021.22,31029.97,31023.28
2023-07-04 11:44:55,31021.99,31020.31,31029.48,31023.09
2023-07-04 11:45:00,31023.81,31022.38,31032.77,31026.06
2023-07-04 11:45:05,31029.35,31028.91,31037.81,31031.49
2023-07-04 11:45:10,31023.34,31021.98,31029.97,31026.69
2023-07-04 11:45:15,31024.66,31022.9,31032.13,31027.3
2023-07-04 11:45:21,31023.48,31022.19,31030.91,31026.78
2023-07-04 11:45:26,31023.67,31022.08,31030.91,31026.98
2023-07-04 11:45:31,31022.0,31020.93,31030.0,31027.11
2023-07-04 11:45:36,31022.32,31020.75,31029.93,31026.31
2023-07-04 11:45:42,31022.68,31021.94,31030.0,31026.42
2023-07-04 11:45:47,31024.88,31023.47,31032.99,31028.42
2023-07-04 11:45:52,31024.98,31023.52,31032.99,31028.42
2023-07-04 11:45:57,31025.48,31024.32,31032.99,31028.42
2023-07-04 11:46:02,31024.81,31022.72,31032.69,31028.42
2023-07-04 11:46:08,31025.0,31024.58,31034.6,31029.21
2023-07-04 11:46:13,31026.67,31025.55,31034.6,31029.21
2023-07-04 11:46:18,31027.12,31025.83,31034.59,31029.3
2023-07-04 11:46:23,31028.6,31026.93,31035.8,31031.23
2023-07-04 11:46:29,31026.98,31025.68,31034.67,31030.39
2023-07-04 11:46:34,31027.79,31027.63,31034.68,31031.21
2023-07-04 11:46:39,31031.06,31028.86,31039.14,31034.83
2023-07-04 11:46:44,31030.59,31029.18,31038.54,31034.83
2023-07-04 11:46:50,31030.17,31028.95,31036.97,31032.83
2023-07-04 11:46:55,31030.26,31029.71,31036.97,31033.46
2023-07-04 11:47:00,31031.71,31028.88,31038.14,31033.58
2023-07-04 11:47:05,31026.64,31026.01,31032.7,31030.44
2023-07-04 11:47:10,31028.0,31026.73,31033.53,31030.77
2023-07-04 11:47:15,31026.33,31025.75,31033.5,31029.78
2023-07-04 11:47:21,31026.31,31024.98,31033.5,31029.78
2023-07-04 11:47:26,31025.28,31024.55,31033.5,31028.25
2023-07-04 11:47:31,31027.55,31026.03,31033.52,31029.19
2023-07-04 11:47:36,31028.55,31027.64,31036.36,31031.72
2023-07-04 11:47:41,31029.05,31028.27,31037.04,31032.73
2023-07-04 11:47:47,31028.27,31027.66,31036.25,31032.73
2023-07-04 11:47:52,31025.37,31023.89,31034.28,31030.57
2023-07-04 11:47:57,31027.05,31025.16,31034.31,31030.57
2023-07-04 11:48:02,31029.27,31027.77,31036.91,31032.27
2023-07-04 11:48:08,31028.46,31027.31,31036.69,31032.2
2023-07-04 11:48:13,31029.36,31027.74,31036.69,31033.54
2023-07-04 11:48:18,31028.0,31027.32,31034.63,31030.66
2023-07-04 11:48:23,31028.03,31027.12,31036.18,31034.66
2023-07-04 11:48:28,31031.77,31030.72,31040.19,31035.63
2023-07-04 11:48:34,31032.24,31031.09,31041.05,31037.36
2023-07-04 11:48:39,31033.25,31031.73,31041.05,31037.36
2023-07-04 11:48:44,31033.0,31031.83,31041.05,31037.64
2023-07-04 11:48:49,31037.36,31036.89,31046.13,31043.32
2023-07-04 11:48:55,31037.92,31036.7,31047.04,31042.94
2023-07-04 11:49:00,31037.21,31036.05,31046.23,31040.82
2023-07-04 11:49:05,31036.98,31035.92,31045.68,31040.84
2023-07-04 11:49:10,31035.68,31034.65,31043.23,31038.03
2023-07-04 11:49:15,31034.91,31033.91,31042.3,31038.09
2023-07-04 11:49:21,31037.99,31036.25,31047.2,31043.18
2023-07-04 11:49:26,31037.26,31035.49,31045.97,31042.38
2023-07-04 11:49:31,31037.99,31037.48,31046.78,31042.02
2023-07-04 11:49:36,31042.66,31041.16,31049.72,31045.33
2023-07-04 11:49:42,31042.51,31041.17,31048.61,31045.38
2023-07-04 11:49:47,31037.14,31036.2,31049.3,31045.03
2023-07-04 11:49:52,31038.94,31038.33,31048.39,31045.03
2023-07-04 11:49:57,31030.81,31028.55,31037.95,31034.51
2023-07-04 11:50:03,31029.83,31029.23,31039.5,31034.22
2023-07-04 11:50:08,31030.35,31029.24,31038.36,31034.22
2023-07-04 11:50:13,31029.06,31027.91,31037.74,31032.87
2023-07-04 11:50:18,31028.57,31027.35,31035.99,31032.22
2023-07-04 11:50:24,31029.24,31027.39,31035.99,31032.22
2023-07-04 11:50:29,31030.27,31028.68,31037.22,31033.05
2023-07-04 11:50:34,31033.35,31032.92,31040.19,31036.64
2023-07-04 11:50:39,31033.25,31032.07,31040.18,31036.68
2023-07-04 11:50:45,31030.85,31029.82,31038.17,31033.11
2023-07-04 11:50:50,31031.37,31030.07,31038.15,31032.28
2023-07-04 11:50:55,31032.34,31031.33,31038.15,31032.57
2023-07-04 11:51:00,31038.17,31036.66,31044.63,31040.49
2023-07-04 11:51:06,31040.9,31039.43,31043.83,31040.9
2023-07-04 11:51:11,31039.08,31036.31,31043.85,31041.17
2023-07-04 11:51:16,31038.14,31037.14,31041.96,31038.09
2023-07-04 11:51:21,31035.69,31034.36,31040.83,31037.05
2023-07-04 11:51:27,31033.11,31032.05,31036.34,31032.01
2023-07-04 11:51:32,31031.0,31029.07,31035.38,31033.37
2023-07-04 11:51:37,31033.05,31032.07,31035.38,31032.01
2023-07-04 11:51:42,31033.2,31032.82,31035.38,31032.01
2023-07-04 11:51:48,31033.09,31032.01,31036.62,31032.46
2023-07-04 11:51:53,31034.47,31033.5,31039.02,31035.59
2023-07-04 11:51:58,31033.79,31032.83,31039.6,31035.59
2023-07-04 11:52:03,31035.97,31035.2,31042.8,31037.58
2023-07-04 11:52:09,31036.0,31034.93,31042.8,31037.58
2023-07-04 11:52:14,31042.25,31041.0,31046.57,31043.77
2023-07-04 11:52:19,31042.0,31041.32,31046.56,31042.97
2023-07-04 11:52:24,31040.97,31040.0,31046.56,31042.97
2023-07-04 11:52:30,31041.49,31040.02,31046.46,31042.06
2023-07-04 11:52:35,31037.54,31036.02,31043.6,31040.28
2023-07-04 11:52:40,31035.1,31034.0,31039.0,31035.51
2023-07-04 11:52:45,31035.33,31033.67,31039.09,31035.07
2023-07-04 11:52:51,31035.14,31033.99,31039.09,31035.05
2023-07-04 11:52:56,31035.39,31034.71,31040.75,31037.49
2023-07-04 11:53:01,31034.89,31033.27,31040.07,31035.1
2023-07-04 11:53:06,31034.84,31033.62,31040.05,31035.98
2023-07-04 11:53:11,31034.28,31033.0,31040.0,31035.98
2023-07-04 11:53:17,31028.98,31027.39,31035.07,31031.35
2023-07-04 11:53:22,31027.12,31026.46,31034.21,31030.21
2023-07-04 11:53:27,31024.98,31024.61,31030.62,31027.59
2023-07-04 11:53:32,31026.97,31025.67,31031.2,31027.59
2023-07-04 11:53:38,31026.18,31024.59,31031.28,31027.59
2023-07-04 11:53:43,31024.88,31024.27,31030.82,31027.59
2023-07-04 11:53:48,31026.0,31024.44,31030.38,31027.59
2023-07-04 11:53:53,31026.18,31024.79,31030.81,31027.65
2023-07-04 11:53:59,31024.9,31022.69,31030.62,31025.82
2023-07-04 11:54:04,31026.12,31025.05,31031.28,31026.89
2023-07-04 11:54:09,31027.06,31026.43,31032.03,31026.53
2023-07-04 11:54:14,31027.49,31026.03,31031.64,31026.17
2023-07-04 11:54:20,31026.31,31024.58,31031.38,31026.18
2023-07-04 11:54:25,31025.12,31023.73,31031.06,31024.19
2023-07-04 11:54:30,31025.76,31024.41,31030.96,31025.22
2023-07-04 11:54:35,31024.91,31023.59,31030.65,31025.25
2023-07-04 11:54:41,31023.5,31022.19,31029.65,31024.03
2023-07-04 11:54:46,31021.22,31019.46,31026.76,31022.48
2023-07-04 11:54:51,31021.32,31020.63,31026.73,31022.49
2023-07-04 11:54:56,31023.97,31022.87,31029.45,31025.07
2023-07-04 11:55:02,31025.18,31023.61,31029.32,31025.07
2023-07-04 11:55:07,31025.56,31024.25,31029.52,31025.09
2023-07-04 11:55:12,31023.87,31022.83,31029.37,31025.1
2023-07-04 11:55:17,31022.16,31021.61,31028.21,31022.58
2023-07-04 11:55:22,31023.99,31022.79,31029.53,31024.26
2023-07-04 11:55:28,31023.56,31022.5,31029.39,31024.57
2023-07-04 11:55:33,31024.7,31024.37,31029.36,31024.61
2023-07-04 11:55:38,31024.65,31023.15,31029.09,31024.61
2023-07-04 11:55:43,31025.09,31023.94,31029.04,31024.12
2023-07-04 11:55:49,31025.66,31025.37,31029.58,31024.28
2023-07-04 11:55:54,31026.08,31025.16,31029.64,31024.3
2023-07-04 11:55:59,31025.63,31023.85,31029.09,31024.31
2023-07-04 11:56:04,31025.29,31024.93,31029.04,31022.99
2023-07-04 11:56:09,31023.34,31022.39,31028.19,31022.52
2023-07-04 11:56:15,31022.83,31021.73,31028.04,31022.53
2023-07-04 11:56:20,31022.3,31022.03,31028.08,31022.53
2023-07-04 11:56:25,31022.64,31022.18,31028.0,31022.6
2023-07-04 11:56:30,31023.0,31021.6,31026.88,31022.04
2023-07-04 11:56:35,31023.31,31022.64,31026.88,31022.92
2023-07-04 11:56:41,31022.98,31021.89,31026.88,31022.44
2023-07-04 11:56:46,31023.82,31022.58,31026.87,31022.01
2023-07-04 11:56:51,31023.75,31023.13,31026.85,31022.17
2023-07-04 11:56:56,31021.1,31019.61,31025.99,31021.15
2023-07-04 11:57:01,31017.95,31017.28,31023.19,31018.37
2023-07-04 11:57:07,31017.31,31016.23,31022.84,31018.37
2023-07-04 11:57:12,31010.33,31008.97,31017.45,31010.78
2023-07-04 11:57:17,31011.35,31009.95,31017.3,31012.03
2023-07-04 11:57:22,31048.91,31034.0,31075.99,31071.24
2023-07-04 11:57:27,31059.98,31055.57,31067.26,31062.82
2023-07-04 11:57:33,31064.88,31062.85,31068.18,31062.08
2023-07-04 11:57:38,31059.8,31056.94,31062.27,31059.01
2023-07-04 11:57:43,31061.27,31060.0,31063.67,31059.59
2023-07-04 11:57:49,31061.71,31060.51,31064.93,31060.63
2023-07-04 11:57:54,31066.23,31064.87,31068.43,31064.03
2023-07-04 11:57:59,31067.34,31066.31,31070.24,31066.68
2023-07-04 11:58:04,31074.34,31073.52,31079.12,31076.02
2023-07-04 11:58:09,31077.93,31077.27,31083.37,31078.62
2023-07-04 11:58:15,31076.15,31074.49,31081.23,31077.13
2023-07-04 11:58:20,31077.67,31076.02,31080.42,31077.17
2023-07-04 11:58:25,31077.45,31075.28,31080.42,31076.74
2023-07-04 11:58:30,31077.91,31075.87,31082.43,31077.05
2023-07-04 11:58:36,31075.5,31074.09,31079.44,31075.64
2023-07-04 11:58:41,31075.89,31075.02,31080.25,31076.71
2023-07-04 11:58:46,31075.31,31073.97,31080.21,31076.45
2023-07-04 11:58:51,31076.23,31075.51,31080.25,31076.88
2023-07-04 11:58:56,31076.72,31076.15,31081.62,31078.58
2023-07-04 11:59:02,31077.37,31076.38,31080.88,31078.58
2023-07-04 11:59:07,31070.53,31068.42,31072.64,31066.35
2023-07-04 11:59:12,31066.55,31065.79,31071.05,31066.47
2023-07-04 11:59:17,31067.55,31066.29,31071.03,31067.86
2023-07-04 11:59:22,31064.12,31062.27,31067.98,31063.28
2023-07-04 11:59:28,31066.07,31064.15,31072.16,31067.88
2023-07-04 11:59:33,31066.58,31065.15,31072.14,31068.88
2023-07-04 11:59:38,31069.55,31068.36,31073.9,31070.0
2023-07-04 11:59:43,31068.1,31066.94,31073.91,31068.01
2023-07-04 11:59:48,31067.2,31066.16,31072.94,31066.99
2023-07-04 11:59:54,31066.92,31065.67,31073.19,31067.14
2023-07-04 11:59:59,31068.03,31067.15,31073.85,31070.0
2023-07-04 12:00:04,31069.22,31068.8,31073.96,31068.05
2023-07-04 12:00:09,31065.35,31063.84,31070.49,31066.18
2023-07-04 12:00:14,31062.27,31060.02,31070.69,31065.02
2023-07-04 12:00:20,31060.35,31058.61,31066.75,31061.57
2023-07-04 12:00:25,31059.9,31058.88,31065.04,31061.58
2023-07-04 12:00:30,31060.89,31059.76,31067.48,31061.59
2023-07-04 12:00:35,31061.15,31059.05,31065.55,31061.59
2023-07-04 12:00:41,31061.17,31060.53,31067.61,31062.37
2023-07-04 12:00:46,31059.61,31058.49,31066.81,31062.35
2023-07-04 12:00:51,31060.1,31058.53,31066.01,31060.98
2023-07-04 12:00:56,31058.94,31057.23,31065.0,31060.99
2023-07-04 12:01:01,31059.89,31055.77,31068.48,31064.91
2023-07-04 12:01:07,31062.53,31061.5,31069.35,31064.92
2023-07-04 12:01:12,31061.8,31061.43,31069.35,31064.92
2023-07-04 12:01:17,31062.81,31062.12,31069.44,31064.92
2023-07-04 12:01:22,31064.93,31063.91,31070.81,31066.57
2023-07-04 12:01:28,31061.89,31060.67,31068.41,31063.9
2023-07-04 12:01:33,31062.22,31061.02,31070.21,31066.07
2023-07-04 12:01:38,31061.57,31059.54,31069.05,31063.32
2023-07-04 12:01:43,31062.21,31061.61,31069.05,31064.24
2023-07-04 12:01:49,31062.42,31061.66,31069.53,31064.24
2023-07-04 12:01:54,31061.52,31060.61,31069.53,31064.24
2023-07-04 12:01:59,31053.33,31051.72,31059.41,31055.49
2023-07-04 12:02:04,31053.36,31051.8,31061.98,31058.4
2023-07-04 12:02:09,31051.47,31050.91,31061.24,31055.09
2023-07-04 12:02:15,31051.39,31049.98,31060.41,31056.06
2023-07-04 12:02:20,31052.46,31051.56,31060.94,31055.82
2023-07-04 12:02:25,31051.76,31050.0,31060.03,31055.82
2023-07-04 12:02:30,31052.47,31051.19,31059.96,31056.62
2023-07-04 12:02:35,31052.96,31051.56,31046.62,31042.46
2023-07-04 12:02:41,31045.91,31044.26,31052.89,31049.3
2023-07-04 12:02:46,31044.25,31043.37,31051.21,31047.82
2023-07-04 12:02:51,31037.72,31036.66,31044.35,31039.51
2023-07-04 12:02:56,31035.94,31034.21,31043.3,31037.99
2023-07-04 12:03:01,31039.03,31037.7,31044.29,31040.5
2023-07-04 12:03:07,31030.05,31027.86,31037.08,31032.44
2023-07-04 12:03:12,31033.35,31030.69,31039.87,31034.9
2023-07-04 12:03:17,31031.99,31031.67,31039.87,31034.92
2023-07-04 12:03:22,31038.58,31035.76,31044.77,31040.44
2023-07-04 12:03:27,31039.1,31037.52,31043.29,31040.7
2023-07-04 12:03:32,31040.36,31039.23,31047.63,31042.88
2023-07-04 12:03:38,31039.78,31038.05,31047.63,31043.72
2023-07-04 12:03:43,31040.11,31038.29,31047.61,31043.72
2023-07-04 12:03:48,31039.92,31038.52,31047.59,31043.72
2023-07-04 12:03:53,31040.35,31039.24,31047.59,31043.72
2023-07-04 12:03:59,31035.91,31034.24,31044.55,31040.45
2023-07-04 12:04:04,31034.58,31034.0,31039.92,31036.92
2023-07-04 12:04:09,31036.91,31035.9,31043.26,31038.93
2023-07-04 12:04:14,31027.78,31025.98,31033.68,31030.43
2023-07-04 12:04:20,31023.3,31022.12,31031.82,31028.02
2023-07-04 12:04:25,31023.86,31022.92,31032.11,31028.02
2023-07-04 12:04:30,31021.71,31018.58,31025.1,31021.09
2023-07-04 12:04:35,31017.87,31017.42,31024.88,31020.34
2023-07-04 12:04:40,31022.25,31021.8,31022.97,31020.0
2023-07-04 12:04:46,31017.64,31017.0,31023.46,31019.6
2023-07-04 12:04:51,31020.99,31020.03,31026.56,31021.68
2023-07-04 12:04:56,31019.21,31017.94,31024.45,31020.02
2023-07-04 12:05:01,31020.0,31018.47,31024.46,31020.14
2023-07-04 12:05:07,31020.07,31018.48,31025.25,31020.01
2023-07-04 12:05:12,31026.27,31025.44,31032.15,31029.46
2023-07-04 12:05:17,31031.3,31030.09,31035.83,31031.5
2023-07-04 12:05:22,31036.58,31035.52,31042.9,31038.0
2023-07-04 12:05:28,31039.59,31038.41,31046.55,31041.31
2023-07-04 12:05:33,31041.06,31039.15,31047.2,31041.41
2023-07-04 12:05:38,31042.71,31041.87,31048.86,31045.12
2023-07-04 12:05:43,31040.53,31039.46,31048.1,31043.04
2023-07-04 12:05:48,31039.88,31038.01,31047.12,31041.33
2023-07-04 12:05:53,31042.61,31041.72,31048.86,31044.12
2023-07-04 12:05:59,31042.99,31041.87,31048.99,31045.08
2023-07-04 12:06:04,31043.26,31041.61,31049.94,31044.42
2023-07-04 12:06:09,31041.79,31041.46,31050.48,31046.0
2023-07-04 12:06:14,31044.38,31042.49,31051.29,31046.33
2023-07-04 12:06:20,31043.32,31042.76,31050.48,31046.16
2023-07-04 12:06:25,31041.87,31041.59,31049.55,31046.13
2023-07-04 12:06:30,31041.83,31041.6,31049.76,31044.71
2023-07-04 12:06:35,31043.27,31042.84,31049.76,31046.12
2023-07-04 12:06:40,31043.95,31043.09,31049.76,31046.01
2023-07-04 12:06:46,31042.64,31041.35,31048.83,31044.46
2023-07-04 12:06:51,31042.24,31041.0,31047.96,31044.46
2023-07-04 12:06:56,31041.55,31041.03,31047.96,31044.55
2023-07-04 12:07:01,31041.94,31041.0,31047.96,31044.74
2023-07-04 12:07:07,31050.38,31050.07,31054.53,31050.73
2023-07-04 12:07:12,31049.06,31048.0,31054.53,31050.94
2023-07-04 12:07:17,31049.99,31048.57,31054.53,31051.06
2023-07-04 12:07:22,31049.66,31048.67,31055.31,31050.29
2023-07-04 12:07:28,31054.76,31052.36,31058.6,31054.23
2023-07-04 12:07:33,31053.73,31052.35,31058.6,31054.24
2023-07-04 12:07:38,31052.25,31050.88,31058.59,31054.01
2023-07-04 12:07:43,31052.93,31051.74,31058.59,31054.41
2023-07-04 12:07:48,31053.46,31051.93,31058.59,31054.87
2023-07-04 12:07:54,31051.71,31050.36,31057.76,31053.03
2023-07-04 12:07:59,31049.38,31048.25,31056.36,31053.08
2023-07-04 12:08:04,31050.63,31049.51,31056.36,31053.08
2023-07-04 12:08:09,31052.86,31051.49,31059.94,31055.29
2023-07-04 12:08:15,31050.59,31049.19,31057.97,31053.27
2023-07-04 12:08:20,31050.34,31049.16,31057.97,31053.35
2023-07-04 12:08:25,31050.72,31049.71,31057.97,31053.95
2023-07-04 12:08:30,31051.63,31050.7,31058.0,31055.07
2023-07-04 12:08:35,31050.02,31049.22,31058.0,31055.06
2023-07-04 12:08:41,31049.63,31048.61,31058.0,31056.0
2023-07-04 12:08:46,31047.67,31045.92,31054.2,31050.53
2023-07-04 12:08:51,31041.67,31039.92,31048.03,31044.69
2023-07-04 12:08:56,31043.55,31042.48,31050.76,31046.5
2023-07-04 12:09:01,31043.85,31042.84,31051.63,31046.5
2023-07-04 12:09:07,31043.49,31042.53,31051.63,31046.5
2023-07-04 12:09:12,31043.5,31042.49,31049.67,31046.36
2023-07-04 12:09:17,31045.63,31043.68,31051.64,31046.38
2023-07-04 12:09:22,31048.74,31048.28,31055.05,31050.29
2023-07-04 12:09:28,31046.98,31045.84,31054.22,31051.04
2023-07-04 12:09:33,31046.88,31046.1,31054.22,31051.04
2023-07-04 12:09:38,31046.26,31044.63,31054.22,31050.32
2023-07-04 12:09:43,31045.31,31044.59,31054.22,31050.34
2023-07-04 12:09:49,31045.2,31044.57,31054.21,31049.08
2023-07-04 12:09:54,31045.87,31044.6,31054.21,31049.11
2023-07-04 12:09:59,31044.28,31043.47,31053.05,31049.12
2023-07-04 12:10:04,31035.14,31033.57,31042.33,31037.9
2023-07-04 12:10:10,31037.22,31035.87,31045.48,31041.52
2023-07-04 12:10:15,31039.97,31039.56,31049.41,31044.06
2023-07-04 12:10:20,31038.8,31037.44,31048.15,31044.0
2023-07-04 12:10:25,31037.34,31037.02,31046.7,31042.01
2023-07-04 12:10:30,31039.51,31038.51,31046.7,31042.92
2023-07-04 12:10:36,31039.61,31038.94,31046.7,31042.92
2023-07-04 12:10:41,31038.56,31037.39,31045.09,31041.68
2023-07-04 12:10:46,31038.01,31037.45,31045.81,31040.16
2023-07-04 12:10:51,31037.14,31035.85,31043.53,31040.57
2023-07-04 12:10:57,31036.22,31035.73,31043.53,31040.72
2023-07-04 12:11:02,31035.2,31033.31,31042.61,31039.57
2023-07-04 12:11:07,31030.59,31029.43,31036.83,31032.21
2023-07-04 12:11:12,31030.59,31029.35,31036.61,31032.2
2023-07-04 12:11:17,31032.07,31031.03,31036.61,31032.2
2023-07-04 12:11:22,31031.38,31030.33,31037.24,31032.23
2023-07-04 12:11:28,31029.93,31028.48,31035.62,31031.48
2023-07-04 12:11:33,31029.83,31028.72,31033.0,31030.59
2023-07-04 12:11:38,31029.0,31027.68,31032.67,31030.13
2023-07-04 12:11:43,31025.8,31024.64,31032.76,31029.17
2023-07-04 12:11:49,31029.83,31026.3,31035.71,31032.77
2023-07-04 12:11:54,31029.02,31027.53,31033.18,31029.18
2023-07-04 12:11:59,31029.92,31028.92,31034.43,31029.18
2023-07-04 12:12:04,31028.6,31027.98,31031.52,31028.45
2023-07-04 12:12:09,31028.55,31027.81,31032.64,31028.53
2023-07-04 12:12:15,31030.6,31029.18,31034.66,31029.64
2023-07-04 12:12:20,31031.07,31029.78,31034.61,31029.64
2023-07-04 12:12:25,31031.57,31030.74,31037.01,31031.17
2023-07-04 12:12:30,31034.03,31033.26,31039.08,31034.69
2023-07-04 12:12:36,31032.08,31030.52,31038.82,31034.05
2023-07-04 12:12:41,31033.62,31033.16,31038.81,31034.02
2023-07-04 12:12:46,31034.22,31034.03,31041.37,31037.59
2023-07-04 12:12:51,31038.05,31037.57,31045.75,31038.71
2023-07-04 12:12:57,31038.32,31037.99,31045.26,31041.8
2023-07-04 12:13:02,31040.42,31039.53,31045.72,31041.92
2023-07-04 12:13:07,31039.51,31039.01,31045.72,31041.96
2023-07-04 12:13:12,31036.25,31036.24,31043.35,31039.25
2023-07-04 12:13:18,31037.49,31036.81,31042.42,31039.36
2023-07-04 12:13:23,31038.84,31038.41,31042.42,31039.39
2023-07-04 12:13:28,31035.81,31034.51,31041.46,31037.95
2023-07-04 12:13:33,31036.27,31035.6,31041.46,31037.95
2023-07-04 12:13:39,31036.87,31035.8,31041.46,31037.95
2023-07-04 12:13:44,31037.21,31035.94,31041.46,31037.62
2023-07-04 12:13:49,31037.15,31035.98,31042.71,31038.26
2023-07-04 12:13:54,31034.5,31033.9,31039.9,31036.14
2023-07-04 12:14:00,31033.97,31032.55,31038.95,31034.91
2023-07-04 12:14:05,31032.41,31030.2,31036.18,31033.76
2023-07-04 12:14:10,31034.9,31033.83,31039.64,31034.16
2023-07-04 12:14:15,31036.62,31034.62,31041.49,31035.78
2023-07-04 12:14:20,31037.32,31036.08,31042.39,31037.62
2023-07-04 12:14:26,31034.28,31033.31,31040.42,31035.25
2023-07-04 12:14:31,31031.69,31030.74,31038.47,31033.14
2023-07-04 12:14:36,31032.96,31032.39,31038.47,31033.7
2023-07-04 12:14:41,31032.62,31031.06,31038.47,31033.16
2023-07-04 12:14:46,31032.13,31030.94,31038.47,31033.11
2023-07-04 12:14:51,31034.65,31034.03,31041.27,31035.89
2023-07-04 12:14:57,31037.3,31036.38,31042.26,31038.12
2023-07-04 12:15:02,31038.65,31036.83,31044.91,31041.54
2023-07-04 12:15:07,31035.61,31034.69,31039.9,31037.7
2023-07-04 12:15:12,31035.98,31034.94,31041.58,31037.71
2023-07-04 12:15:18,31037.68,31036.22,31043.31,31038.19
2023-07-04 12:15:23,31038.0,31037.26,31042.37,31038.66
2023-07-04 12:15:28,31040.63,31038.72,31045.65,31040.71
2023-07-04 12:15:33,31041.61,31039.21,31044.79,31040.73
2023-07-04 12:15:38,31040.52,31039.3,31044.79,31040.77
2023-07-04 12:15:44,31040.66,31038.91,31044.79,31040.77
2023-07-04 12:15:49,31040.21,31038.89,31044.78,31040.71
2023-07-04 12:15:54,31037.54,31037.07,31043.85,31038.77
2023-07-04 12:15:59,31037.56,31036.69,31043.85,31038.77
2023-07-04 12:16:05,31033.48,31032.73,31040.92,31036.2
2023-07-04 12:16:10,31034.29,31033.76,31040.99,31036.33
2023-07-04 12:16:15,31034.24,31033.36,31040.99,31036.33
2023-07-04 12:16:20,31029.62,31029.21,31036.48,31032.82
2023-07-04 12:16:26,31028.68,31027.66,31035.14,31030.29
2023-07-04 12:16:31,31025.24,31023.67,31031.88,31025.37
2023-07-04 12:16:36,31026.08,31025.26,31030.4,31025.98
2023-07-04 12:16:41,31021.92,31020.52,31027.11,31022.31
2023-07-04 12:16:46,31021.14,31020.01,31025.32,31021.95
2023-07-04 12:16:52,31021.83,31019.53,31025.28,31020.69
2023-07-04 12:16:57,31019.42,31018.45,31023.03,31019.15
2023-07-04 12:17:02,31019.88,31017.07,31023.96,31019.89
2023-07-04 12:17:07,31022.87,31020.94,31027.36,31022.04
2023-07-04 12:17:13,31022.93,31021.6,31027.3,31022.66
2023-07-04 12:17:18,31021.72,31019.8,31027.15,31022.47
2023-07-04 12:17:23,31021.21,31020.37,31027.12,31022.47
2023-07-04 12:17:28,31022.84,31021.18,31027.66,31022.47
2023-07-04 12:17:33,31022.08,31020.75,31027.65,31023.55
2023-07-04 12:17:38,31021.55,31020.39,31027.65,31023.55
2023-07-04 12:17:44,31021.43,31020.5,31027.51,31023.55
2023-07-04 12:17:49,31020.56,31019.55,31025.45,31021.18
2023-07-04 12:17:54,31018.9,31017.73,31025.9,31020.56
2023-07-04 12:17:59,31019.76,31019.02,31027.06,31020.81
2023-07-04 12:18:05,31019.58,31017.73,31025.89,31021.18
2023-07-04 12:18:10,31019.22,31018.54,31027.61,31022.0
2023-07-04 12:18:15,31018.29,31016.37,31025.07,31019.7
2023-07-04 12:18:20,31018.17,31016.72,31024.95,31019.71
2023-07-04 12:18:25,31017.36,31016.15,31024.86,31019.71
2023-07-04 12:18:31,31017.93,31016.61,31024.87,31019.71
2023-07-04 12:18:36,31018.64,31017.34,31024.87,31019.71
2023-07-04 12:18:41,31018.2,31017.33,31025.08,31019.71
2023-07-04 12:18:46,31021.21,31019.39,31028.0,31021.41
2023-07-04 12:18:51,31020.22,31018.33,31027.09,31020.37
2023-07-04 12:18:57,31022.74,31020.2,31028.96,31024.81
2023-07-04 12:19:02,31059.71,31056.24,31070.78,31068.28
2023-07-04 12:19:07,31068.97,31066.4,31083.99,31079.6
2023-07-04 12:19:12,31068.57,31067.21,31076.52,31072.42
2023-07-04 12:19:17,31066.54,31066.45,31078.32,31073.81
2023-07-04 12:19:23,31066.81,31064.62,31074.94,31071.2
2023-07-04 12:19:28,31066.05,31064.53,31075.29,31071.51
2023-07-04 12:19:33,31065.39,31063.93,31075.29,31070.85
2023-07-04 12:19:38,31066.12,31064.24,31075.6,31070.57
2023-07-04 12:19:43,31066.25,31064.77,31075.6,31071.23
2023-07-04 12:19:49,31073.07,31071.31,31082.7,31078.01
2023-07-04 12:19:54,31069.15,31067.25,31079.9,31076.2
2023-07-04 12:19:59,31077.62,31076.81,31085.81,31081.9
2023-07-04 12:20:04,31074.25,31071.59,31084.87,31079.44
2023-07-04 12:20:10,31064.12,31063.29,31070.68,31067.97
2023-07-04 12:20:15,31076.62,31076.0,31084.99,31078.85
2023-07-04 12:20:20,31077.22,31075.98,31086.59,31081.55
2023-07-04 12:20:25,31076.15,31074.73,31086.0,31080.17
2023-07-04 12:20:31,31069.39,31068.43,31078.34,31075.89
2023-07-04 12:20:36,31069.97,31069.38,31079.99,31076.0
2023-07-04 12:20:41,31070.48,31069.9,31080.54,31075.99
2023-07-04 12:20:46,31069.18,31068.23,31077.49,31074.53
2023-07-04 12:20:51,31071.13,31069.71,31078.81,31074.54
2023-07-04 12:20:57,31070.19,31069.12,31078.8,31074.54
2023-07-04 12:21:02,31070.35,31069.39,31077.98,31074.57
2023-07-04 12:21:07,31065.71,31064.02,31072.62,31068.84
2023-07-04 12:21:12,31066.07,31065.66,31072.6,31069.36
2023-07-04 12:21:17,31067.55,31067.05,31073.66,31070.27
2023-07-04 12:21:23,31067.56,31066.17,31074.2,31071.63
2023-07-04 12:21:28,31062.12,31060.41,31069.86,31065.57
2023-07-04 12:21:33,31059.2,31058.29,31068.66,31064.09
2023-07-04 12:21:38,31066.57,31065.99,31075.79,31071.33
2023-07-04 12:21:44,31068.2,31067.03,31076.61,31073.46
2023-07-04 12:21:49,31067.03,31066.36,31077.62,31073.46
2023-07-04 12:21:54,31065.48,31064.24,31073.02,31068.81
2023-07-04 12:21:59,31064.99,31063.99,31073.02,31068.81
2023-07-04 12:22:04,31065.93,31064.22,31073.02,31068.81
2023-07-04 12:22:10,31064.98,31064.01,31073.02,31068.81
2023-07-04 12:22:15,31058.78,31058.21,31066.76,31063.16
2023-07-04 12:22:20,31055.35,31053.43,31062.08,31057.41
2023-07-04 12:22:25,31054.04,31052.39,31061.1,31056.68
2023-07-04 12:22:31,31057.15,31056.73,31063.74,31060.37
2023-07-04 12:22:36,31058.14,31056.28,31063.74,31060.37
2023-07-04 12:22:41,31061.13,31059.89,31067.59,31062.87
2023-07-04 12:22:46,31059.19,31057.06,31066.66,31062.87
2023-07-04 12:22:51,31058.12,31056.65,31065.22,31060.37
2023-07-04 12:22:57,31056.05,31055.33,31064.16,31060.11
2023-07-04 12:23:02,31065.77,31064.63,31073.55,31070.39
2023-07-04 12:23:07,31059.12,31057.71,31066.45,31062.83
2023-07-04 12:23:12,31060.1,31059.17,31066.41,31062.6
2023-07-04 12:23:18,31058.96,31057.37,31066.36,31061.28
2023-07-04 12:23:23,31061.87,31060.73,31070.0,31064.73
2023-07-04 12:23:28,31062.0,31060.73,31068.19,31065.38
2023-07-04 12:23:33,31062.22,31061.34,31070.87,31067.56
2023-07-04 12:23:38,31056.44,31054.88,31061.96,31059.86
2023-07-04 12:23:44,31054.3,31052.72,31061.79,31057.78
2023-07-04 12:23:49,31053.19,31052.22,31061.79,31057.74
2023-07-04 12:23:54,31050.46,31049.75,31060.13,31055.56
2023-07-04 12:23:59,31067.63,31067.0,31074.61,31071.0
2023-07-04 12:24:04,31067.21,31065.76,31074.61,31070.29
2023-07-04 12:24:10,31067.62,31066.63,31075.84,31070.91
2023-07-04 12:24:15,31069.69,31067.95,31076.42,31072.08
2023-07-04 12:24:20,31074.01,31072.49,31082.33,31078.0
2023-07-04 12:24:25,31058.53,31056.49,31065.96,31062.0
2023-07-04 12:24:31,31059.01,31058.91,31065.84,31061.44
2023-07-04 12:24:36,31061.27,31059.72,31067.98,31064.88
2023-07-04 12:24:41,31060.89,31059.25,31067.98,31064.88
2023-07-04 12:24:46,31062.88,31061.37,31069.8,31064.94
2023-07-04 12:24:52,31052.22,31052.21,31056.85,31054.82
2023-07-04 12:24:57,31057.16,31055.4,31064.2,31059.96
2023-07-04 12:25:02,31064.76,31062.22,31071.72,31069.0
2023-07-04 12:25:07,31064.98,31064.1,31071.24,31066.71
2023-07-04 12:25:12,31071.34,31069.73,31078.12,31074.23
2023-07-04 12:25:18,31058.2,31056.88,31065.99,31062.58
2023-07-04 12:25:23,31059.64,31058.65,31067.78,31064.03
2023-07-04 12:25:28,31060.72,31059.83,31070.57,31064.83
2023-07-04 12:25:33,31052.35,31051.28,31061.56,31056.72
2023-07-04 12:25:38,31054.64,31053.09,31064.34,31058.24
2023-07-04 12:25:44,31060.98,31059.82,31068.83,31063.37
2023-07-04 12:25:49,31058.18,31057.75,31065.9,31062.27
2023-07-04 12:25:54,31058.98,31057.81,31065.9,31062.27
2023-07-04 12:26:00,31058.23,31056.72,31064.11,31060.46
2023-07-04 12:26:05,31059.9,31059.08,31067.51,31062.97
2023-07-04 12:26:10,31055.43,31053.22,31063.33,31060.0
2023-07-04 12:26:15,31057.32,31055.75,31063.32,31059.96
2023-07-04 12:26:20,31056.72,31054.9,31063.96,31059.47
2023-07-04 12:26:26,31057.36,31055.63,31065.44,31060.6
2023-07-04 12:26:31,31056.41,31055.01,31064.14,31060.59
2023-07-04 12:26:36,31052.58,31052.21,31061.95,31058.0
2023-07-04 12:26:41,31054.91,31053.32,31060.81,31056.92
2023-07-04 12:26:46,31053.69,31052.6,31060.78,31056.92
2023-07-04 12:26:52,31053.11,31052.21,31061.93,31057.72
2023-07-04 12:26:57,31048.73,31047.51,31057.6,31052.22
2023-07-04 12:27:02,31053.33,31051.73,31059.98,31056.0
2023-07-04 12:27:07,31051.17,31049.58,31058.94,31055.13
2023-07-04 12:27:13,31054.9,31053.46,31062.05,31056.84
2023-07-04 12:27:18,31053.23,31053.21,31063.35,31057.8
2023-07-04 12:27:23,31054.42,31054.24,31063.34,31056.93
2023-07-04 12:27:28,31055.58,31054.24,31063.34,31057.17
2023-07-04 12:27:33,31053.44,31051.92,31061.54,31055.8
2023-07-04 12:27:39,31051.42,31050.12,31059.81,31055.32
2023-07-04 12:27:44,31054.09,31053.25,31061.53,31055.61
2023-07-04 12:27:49,31053.11,31051.55,31060.56,31054.42
2023-07-04 12:27:54,31052.03,31050.01,31057.39,31052.29
2023-07-04 12:28:00,31048.93,31048.5,31056.05,31050.5
2023-07-04 12:28:05,31048.77,31048.19,31056.05,31050.16
2023-07-04 12:28:10,31051.22,31050.15,31058.08,31051.36
2023-07-04 12:28:15,31050.28,31049.35,31058.44,31052.0
2023-07-04 12:28:20,31050.23,31049.15,31058.63,31052.0
2023-07-04 12:28:26,31051.1,31050.04,31058.43,31052.0
2023-07-04 12:28:31,31049.53,31048.21,31057.52,31051.01
2023-07-04 12:28:36,31050.19,31049.05,31057.52,31052.04
2023-07-04 12:28:42,31050.41,31049.28,31057.52,31052.04
2023-07-04 12:28:47,31049.12,31048.6,31057.53,31052.23
2023-07-04 12:28:52,31048.43,31048.21,31057.53,31052.33
2023-07-04 12:28:57,31049.36,31049.07,31057.52,31052.53
2023-07-04 12:29:02,31050.41,31049.94,31057.52,31052.5
2023-07-04 12:29:08,31051.39,31050.29,31059.54,31052.82
2023-07-04 12:29:13,31053.79,31052.8,31061.57,31057.08
2023-07-04 12:29:18,31051.68,31050.29,31058.5,31054.01
2023-07-04 12:29:24,31050.28,31049.28,31057.33,31053.05
2023-07-04 12:29:29,31051.42,31050.7,31057.33,31052.43
2023-07-04 12:29:34,31048.16,31047.21,31057.33,31052.6
2023-07-04 12:29:39,31043.11,31041.84,31052.84,31048.02
2023-07-04 12:29:44,31043.13,31042.41,31051.72,31046.32
2023-07-04 12:29:50,31043.72,31043.31,31053.33,31046.67
2023-07-04 12:29:55,31045.64,31044.3,31053.11,31047.81
2023-07-04 12:30:00,31044.42,31043.79,31052.11,31045.52
2023-07-04 12:30:05,31041.51,31040.11,31049.61,31044.69
2023-07-04 12:30:11,31046.21,31045.06,31052.81,31048.02
2023-07-04 12:30:16,31046.25,31045.72,31053.46,31048.78
2023-07-04 12:30:21,31051.58,31050.04,31056.16,31053.11
2023-07-04 12:30:26,31049.73,31048.76,31055.66,31051.01
2023-07-04 12:30:32,31050.88,31050.08,31056.16,31053.73
2023-07-04 12:30:37,31050.11,31049.12,31056.16,31053.73
2023-07-04 12:30:42,31049.73,31048.82,31055.64,31050.37
2023-07-04 12:30:47,31050.83,31049.81,31056.37,31051.11
2023-07-04 12:30:52,31049.04,31048.47,31056.69,31050.9
2023-07-04 12:30:58,31048.95,31047.79,31054.74,31050.04
2023-07-04 12:31:03,31048.72,31048.16,31054.74,31050.28
2023-07-04 12:31:08,31049.09,31048.03,31057.14,31051.28
2023-07-04 12:31:13,31048.49,31046.41,31055.33,31050.08
2023-07-04 12:31:19,31047.26,31046.81,31054.42,31049.49
2023-07-04 12:31:24,31052.23,31051.08,31058.32,31053.58
2023-07-04 12:31:29,31052.11,31051.63,31058.32,31053.84
2023-07-04 12:31:34,31051.9,31051.21,31058.31,31052.36
2023-07-04 12:31:39,31052.61,31051.58,31058.31,31053.81
2023-07-04 12:31:45,31060.86,31058.8,31069.83,31067.21
2023-07-04 12:31:50,31065.16,31064.38,31071.14,31067.47
2023-07-04 12:31:55,31064.96,31063.32,31073.23,31069.4
2023-07-04 12:32:00,31064.98,31063.63,31073.23,31069.4
2023-07-04 12:32:05,31063.23,31062.14,31073.22,31069.39
2023-07-04 12:32:11,31056.58,31055.23,31066.04,31061.93
2023-07-04 12:32:16,31059.97,31058.71,31068.92,31063.73
2023-07-04 12:32:21,31053.81,31052.44,31061.98,31058.26
2023-07-04 12:32:26,31050.23,31048.32,31058.73,31054.12
2023-07-04 12:32:32,31049.15,31048.0,31058.3,31054.14
2023-07-04 12:32:37,31051.87,31051.38,31058.58,31054.95
2023-07-04 12:32:42,31049.01,31048.21,31058.58,31053.56
2023-07-04 12:32:47,31051.36,31050.02,31060.0,31055.71
2023-07-04 12:32:52,31051.01,31050.32,31059.34,31055.85
2023-07-04 12:32:58,31051.38,31050.24,31061.88,31056.3
2023-07-04 12:33:03,31050.69,31049.57,31060.16,31055.47
2023-07-04 12:33:08,31052.95,31051.27,31062.0,31056.61
2023-07-04 12:33:13,31053.83,31052.63,31062.0,31058.51
2023-07-04 12:33:19,31053.96,31052.53,31062.87,31058.0
2023-07-04 12:33:24,31052.28,31051.1,31061.34,31056.09
2023-07-04 12:33:29,31050.76,31047.97,31059.44,31054.4
2023-07-04 12:33:34,31046.06,31044.47,31053.67,31049.9
2023-07-04 12:33:40,31045.91,31044.28,31053.67,31049.04
2023-07-04 12:33:45,31042.06,31041.29,31049.76,31046.4
2023-07-04 12:33:50,31043.23,31041.45,31049.76,31044.77
2023-07-04 12:33:55,31046.49,31046.48,31055.24,31050.52
2023-07-04 12:34:00,31046.36,31045.88,31054.96,31050.52
2023-07-04 12:34:06,31047.36,31046.45,31055.95,31051.34
2023-07-04 12:34:11,31044.54,31043.21,31052.66,31048.01
2023-07-04 12:34:16,31045.36,31044.36,31052.67,31048.8
2023-07-04 12:34:21,31045.32,31044.22,31053.41,31049.49
2023-07-04 12:34:27,31031.49,31029.71,31038.97,31034.11
2023-07-04 12:34:32,31030.57,31029.75,31040.51,31035.39
2023-07-04 12:34:37,31030.45,31029.45,31040.09,31035.77
2023-07-04 12:34:42,31039.48,31037.33,31048.44,31044.85
2023-07-04 12:34:48,31041.33,31040.07,31049.51,31046.25
2023-07-04 12:34:53,31044.29,31042.73,31054.01,31049.96
2023-07-04 12:34:58,31046.02,31043.1,31053.97,31050.15
2023-07-04 12:35:03,31038.97,31036.92,31046.67,31044.36
2023-07-04 12:35:08,31041.21,31038.85,31049.43,31046.0
2023-07-04 12:35:14,31039.17,31038.9,31047.99,31043.79
2023-07-04 12:35:19,31037.37,31036.21,31047.63,31042.52
2023-07-04 12:35:24,31037.3,31036.24,31046.0,31041.27
2023-07-04 12:35:29,31039.42,31037.73,31047.67,31043.21
2023-07-04 12:35:35,31037.74,31036.83,31046.31,31041.37
2023-07-04 12:35:40,31037.25,31036.21,31045.33,31041.6
2023-07-04 12:35:45,31036.92,31035.2,31044.94,31040.42
2023-07-04 12:35:50,31036.67,31035.45,31044.11,31040.19
2023-07-04 12:35:55,31034.27,31033.28,31040.0,31036.81
2023-07-04 12:36:01,31034.36,31033.25,31040.85,31035.94
2023-07-04 12:36:06,31042.12,31041.56,31049.85,31046.84
2023-07-04 12:36:11,31045.05,31043.94,31053.35,31049.62
2023-07-04 12:36:16,31044.67,31043.52,31051.61,31047.28
2023-07-04 12:36:22,31044.85,31044.01,31050.63,31047.29
2023-07-04 12:36:27,31043.79,31042.18,31050.63,31047.33
2023-07-04 12:36:32,31042.13,31040.62,31048.78,31045.33
2023-07-04 12:36:37,31042.46,31041.15,31048.78,31045.39
2023-07-04 12:36:43,31041.45,31041.19,31048.78,31044.57
2023-07-04 12:36:48,31041.4,31040.52,31048.78,31044.13
2023-07-04 12:36:53,31042.2,31041.08,31048.78,31044.82
2023-07-04 12:36:58,31041.62,31041.21,31048.77,31044.14
2023-07-04 12:37:03,31041.4,31040.51,31047.15,31042.82
2023-07-04 12:37:09,31043.25,31042.41,31048.69,31045.08
2023-07-04 12:37:14,31043.12,31042.77,31048.51,31045.08
2023-07-04 12:37:19,31040.58,31040.22,31048.2,31043.7
2023-07-04 12:37:24,31040.98,31040.45,31048.2,31045.09
2023-07-04 12:37:29,31044.18,31042.96,31050.3,31046.14
2023-07-04 12:37:35,31044.46,31043.47,31050.72,31046.99
2023-07-04 12:37:40,31042.52,31041.39,31050.41,31046.97
2023-07-04 12:37:45,31043.97,31042.87,31051.22,31048.11
2023-07-04 12:37:50,31042.59,31041.46,31050.53,31045.9
2023-07-04 12:37:55,31043.97,31043.15,31050.52,31045.9
2023-07-04 12:38:01,31048.98,31048.39,31054.81,31050.64
2023-07-04 12:38:06,31046.69,31046.66,31054.94,31050.59
2023-07-04 12:38:11,31047.52,31046.26,31055.31,31050.59
2023-07-04 12:38:16,31045.29,31043.89,31051.99,31048.26
2023-07-04 12:38:21,31045.79,31044.71,31051.99,31049.24
2023-07-04 12:38:27,31046.13,31045.4,31053.38,31049.25
2023-07-04 12:38:32,31045.96,31044.95,31053.38,31049.25
2023-07-04 12:38:37,31048.1,31047.39,31053.99,31049.25
2023-07-04 12:38:43,31048.34,31047.54,31053.97,31049.25
2023-07-04 12:38:48,31046.15,31045.01,31049.98,31047.57
2023-07-04 12:38:53,31046.97,31045.83,31052.53,31048.11
2023-07-04 12:38:58,31046.08,31045.02,31051.33,31048.34
2023-07-04 12:39:04,31045.97,31045.29,31051.32,31047.77
2023-07-04 12:39:09,31048.31,31046.58,31051.32,31047.74
2023-07-04 12:39:14,31044.18,31042.49,31049.13,31045.4
2023-07-04 12:39:19,31043.96,31042.35,31049.13,31045.4
2023-07-04 12:39:24,31046.73,31045.07,31051.28,31046.55
2023-07-04 12:39:30,31045.32,31044.33,31050.86,31046.47
2023-07-04 12:39:35,31044.35,31043.44,31050.53,31046.47
2023-07-04 12:39:40,31043.57,31041.87,31049.98,31045.4
2023-07-04 12:39:45,31043.56,31042.31,31049.95,31046.0
2023-07-04 12:39:50,31045.29,31044.26,31051.66,31047.05
2023-07-04 12:39:56,31045.28,31043.98,31051.58,31046.58
2023-07-04 12:40:01,31044.23,31043.44,31050.28,31046.2
2023-07-04 12:40:07,31044.39,31043.48,31047.83,31045.81
2023-07-04 12:40:12,31043.61,31043.21,31048.94,31045.81
2023-07-04 12:40:17,31041.15,31040.23,31046.55,31044.24
2023-07-04 12:40:22,31042.89,31042.0,31049.48,31046.0
2023-07-04 12:40:28,31043.29,31042.87,31049.99,31044.59
2023-07-04 12:40:33,31043.22,31041.66,31050.35,31045.8
2023-07-04 12:40:38,31042.86,31041.76,31050.52,31045.8
2023-07-04 12:40:43,31043.3,31042.13,31050.49,31046.62
2023-07-04 12:40:48,31046.03,31044.85,31051.98,31048.35
2023-07-04 12:40:54,31044.99,31044.29,31053.1,31048.3
2023-07-04 12:40:59,31047.81,31046.74,31054.52,31050.22
2023-07-04 12:41:04,31048.07,31046.72,31054.48,31051.17
2023-07-04 12:41:09,31047.04,31046.57,31053.57,31048.59
2023-07-04 12:41:15,31047.84,31046.76,31053.57,31049.38
2023-07-04 12:41:20,31045.92,31044.77,31052.64,31046.76
2023-07-04 12:41:25,31046.34,31045.94,31052.64,31048.38
2023-07-04 12:41:30,31047.77,31046.46,31052.64,31049.28
2023-07-04 12:41:35,31053.14,31051.33,31060.06,31055.29
2023-07-04 12:41:41,31052.77,31051.95,31060.59,31055.29
2023-07-04 12:41:46,31052.37,31049.89,31059.48,31055.29
2023-07-04 12:41:51,31051.14,31050.28,31059.48,31055.29
2023-07-04 12:41:56,31050.68,31050.3,31058.51,31053.4
2023-07-04 12:42:01,31050.28,31049.75,31056.14,31053.47
2023-07-04 12:42:07,31047.94,31047.74,31053.44,31050.32
2023-07-04 12:42:12,31040.77,31040.21,31048.69,31044.16
2023-07-04 12:42:17,31042.7,31041.56,31048.9,31044.54
2023-07-04 12:42:22,31043.03,31042.24,31049.99,31045.5
2023-07-04 12:42:28,31042.01,31041.13,31049.9,31045.52
2023-07-04 12:42:33,31042.64,31041.21,31049.96,31044.7
2023-07-04 12:42:38,31039.18,31037.55,31045.65,31041.05
2023-07-04 12:42:43,31039.26,31037.9,31045.64,31042.13
2023-07-04 12:42:49,31041.15,31039.75,31046.79,31043.16
2023-07-04 12:42:54,31040.6,31039.24,31046.1,31043.16
2023-07-04 12:42:59,31039.97,31038.78,31045.82,31043.16
2023-07-04 12:43:04,31040.57,31039.62,31049.48,31045.49
2023-07-04 12:43:10,31040.35,31039.49,31047.64,31043.9
2023-07-04 12:43:15,31039.5,31038.62,31047.05,31043.9
2023-07-04 12:43:20,31039.49,31039.11,31046.77,31043.9
2023-07-04 12:43:25,31041.9,31040.51,31047.65,31044.96
2023-07-04 12:43:31,31041.09,31039.72,31047.39,31044.95
2023-07-04 12:43:36,31040.76,31039.6,31046.95,31044.95
2023-07-04 12:43:41,31040.38,31039.34,31046.65,31044.95
2023-07-04 12:43:46,31041.34,31040.1,31048.91,31043.78
2023-07-04 12:43:52,31041.27,31038.82,31047.28,31041.95
2023-07-04 12:43:57,31040.79,31039.93,31047.27,31041.07
2023-07-04 12:44:02,31041.63,31040.44,31048.63,31042.56
2023-07-04 12:44:07,31039.91,31038.41,31047.06,31041.13
2023-07-04 12:44:12,31039.89,31039.42,31047.05,31041.19
2023-07-04 12:44:18,31041.28,31040.41,31047.05,31041.36
2023-07-04 12:44:23,31040.86,31040.2,31046.13,31041.21
2023-07-04 12:44:28,31040.68,31040.28,31046.14,31041.56
2023-07-04 12:44:34,31041.17,31040.78,31047.03,31043.84
2023-07-04 12:44:39,31043.93,31043.39,31051.99,31045.91
2023-07-04 12:44:44,31043.99,31043.96,31051.35,31045.91
2023-07-04 12:44:49,31043.98,31043.47,31051.34,31045.31
2023-07-04 12:44:54,31043.1,31042.78,31050.31,31045.05
2023-07-04 12:45:00,31044.97,31042.56,31048.57,31044.89
2023-07-04 12:45:05,31042.78,31042.08,31048.57,31044.89
2023-07-04 12:45:10,31041.22,31040.21,31047.08,31042.04
2023-07-04 12:45:15,31041.46,31040.83,31047.08,31043.71
2023-07-04 12:45:21,31041.0,31040.4,31047.08,31043.35
2023-07-04 12:45:26,31041.75,31040.73,31047.08,31043.5
2023-07-04 12:45:31,31042.36,31041.59,31049.99,31044.52
2023-07-04 12:45:36,31043.2,31042.17,31049.99,31044.66
2023-07-04 12:45:42,31041.48,31040.8,31047.6,31042.23
2023-07-04 12:45:47,31038.38,31037.21,31045.07,31038.01
2023-07-04 12:45:52,31039.68,31038.55,31042.99,31039.22
2023-07-04 12:45:57,31035.98,31035.17,31041.23,31037.9
2023-07-04 12:46:02,31032.11,31031.01,31035.45,31031.67
2023-07-04 12:46:08,31027.77,31026.12,31031.25,31027.96
2023-07-04 12:46:13,31031.14,31030.3,31034.83,31029.51
2023-07-04 12:46:18,31030.82,31030.21,31034.83,31029.54
2023-07-04 12:46:23,31032.09,31031.22,31037.05,31032.47
2023-07-04 12:46:29,31031.36,31030.09,31034.31,31029.95
2023-07-04 12:46:34,31031.35,31030.21,31034.51,31029.95
2023-07-04 12:46:39,31035.05,31033.63,31039.98,31036.54
2023-07-04 12:46:44,31031.98,31030.73,31036.96,31033.65
2023-07-04 12:46:50,31034.1,31032.56,31039.24,31034.46
2023-07-04 12:46:55,31034.91,31033.63,31039.24,31036.07
2023-07-04 12:47:00,31034.34,31033.93,31039.24,31036.05
2023-07-04 12:47:05,31031.44,31030.01,31039.46,31033.38
2023-07-04 12:47:11,31032.31,31031.27,31037.4,31033.39
2023-07-04 12:47:16,31032.32,31031.06,31037.3,31033.39
2023-07-04 12:47:21,31034.2,31033.44,31040.34,31035.6
2023-07-04 12:47:26,31032.13,31030.15,31037.3,31032.97
2023-07-04 12:47:32,31032.02,31030.57,31036.41,31032.78
2023-07-04 12:47:37,31034.3,31032.96,31039.73,31034.68
2023-07-04 12:47:42,31035.58,31035.15,31040.34,31036.4
2023-07-04 12:47:47,31037.36,31036.61,31040.88,31037.68
2023-07-04 12:47:52,31033.7,31033.21,31039.04,31034.95
2023-07-04 12:47:58,31030.34,31029.6,31037.12,31032.75
2023-07-04 12:48:03,31029.54,31026.66,31034.25,31030.38
2023-07-04 12:48:08,31030.46,31029.6,31033.85,31030.0
2023-07-04 12:48:13,31029.4,31028.65,31033.31,31031.09
2023-07-04 12:48:19,31028.53,31027.22,31035.29,31031.09
2023-07-04 12:48:24,31029.0,31028.45,31035.29,31031.09
2023-07-04 12:48:29,31033.58,31032.55,31039.24,31034.96
2023-07-04 12:48:34,31030.12,31029.22,31037.8,31032.33
2023-07-04 12:48:39,31031.64,31030.41,31039.07,31034.32
2023-07-04 12:48:45,31030.97,31029.0,31037.21,31033.09
2023-07-04 12:48:50,31029.52,31028.58,31036.56,31032.26
2023-07-04 12:48:55,31027.96,31027.18,31035.76,31029.77
2023-07-04 12:49:00,31030.94,31029.08,31037.84,31032.06
2023-07-04 12:49:05,31036.28,31035.8,31042.19,31039.38
2023-07-04 12:49:11,31034.38,31033.69,31038.91,31035.91
2023-07-04 12:49:16,31035.32,31034.6,31040.73,31035.96
2023-07-04 12:49:21,31035.27,31034.41,31039.69,31035.37
2023-07-04 12:49:26,31035.36,31034.21,31039.69,31035.63
2023-07-04 12:49:31,31037.0,31036.22,31041.71,31037.62
2023-07-04 12:49:37,31034.39,31033.58,31040.72,31037.64
2023-07-04 12:49:42,31035.12,31034.27,31040.72,31037.23
2023-07-04 12:49:47,31035.54,31035.05,31040.72,31037.25
2023-07-04 12:49:52,31035.2,31034.44,31040.72,31036.02
2023-07-04 12:49:57,31034.9,31034.34,31040.72,31036.08
2023-07-04 12:50:03,31034.89,31034.23,31039.45,31035.62
2023-07-04 12:50:08,31037.78,31035.4,31041.98,31036.72
2023-07-04 12:50:13,31036.93,31035.22,31041.98,31036.76
2023-07-04 12:50:18,31036.42,31035.4,31041.98,31036.95
2023-07-04 12:50:24,31036.19,31035.51,31041.2,31036.81
2023-07-04 12:50:29,31037.93,31036.5,31042.34,31038.84
2023-07-04 12:50:34,31037.81,31037.24,31042.85,31038.84
2023-07-04 12:50:40,31038.53,31037.36,31043.17,31039.7
2023-07-04 12:50:45,31039.98,31038.84,31043.8,31040.53
2023-07-04 12:50:50,31041.09,31039.46,31045.33,31041.44
2023-07-04 12:50:55,31040.86,31039.4,31045.09,31042.41
2023-07-04 12:51:01,31040.89,31040.22,31045.09,31042.44
2023-07-04 12:51:06,31041.95,31041.04,31046.06,31042.44
2023-07-04 12:51:11,31042.35,31041.11,31046.91,31043.13
2023-07-04 12:51:16,31043.37,31042.17,31046.91,31043.09
2023-07-04 12:51:21,31042.5,31041.22,31046.9,31042.81
2023-07-04 12:51:27,31037.97,31036.55,31042.3,31039.02
2023-07-04 12:51:32,31040.36,31039.4,31044.76,31039.28
2023-07-04 12:51:37,31039.95,31038.94,31045.75,31041.46
2023-07-04 12:51:42,31039.51,31038.91,31042.71,31039.41
2023-07-04 12:51:48,31040.03,31038.96,31045.71,31040.54
2023-07-04 12:51:53,31040.36,31039.69,31045.53,31041.49
2023-07-04 12:51:58,31041.83,31040.44,31045.53,31042.89
2023-07-04 12:52:03,31046.85,31045.44,31052.34,31047.71
2023-07-04 12:52:09,31046.35,31045.17,31051.69,31048.27
2023-07-04 12:52:14,31042.8,31040.45,31050.33,31046.6
2023-07-04 12:52:19,31043.83,31042.71,31050.33,31046.36
2023-07-04 12:52:24,31048.66,31046.87,31053.4,31050.01
2023-07-04 12:52:30,31048.21,31047.24,31053.99,31050.84
2023-07-04 12:52:35,31045.97,31044.82,31052.01,31048.7
2023-07-04 12:52:40,31045.19,31044.24,31052.01,31048.7
2023-07-04 12:52:45,31047.61,31045.89,31053.98,31048.93
2023-07-04 12:52:51,31046.47,31045.51,31053.98,31049.3
2023-07-04 12:52:56,31045.87,31045.21,31052.04,31049.38
2023-07-04 12:53:01,31044.32,31043.2,31051.06,31048.97
2023-07-04 12:53:06,31044.97,31044.56,31053.54,31048.99
2023-07-04 12:53:12,31048.36,31046.48,31055.99,31052.25
2023-07-04 12:53:17,31054.94,31053.12,31060.29,31057.56
2023-07-04 12:53:22,31056.25,31054.94,31061.37,31057.81
2023-07-04 12:53:27,31053.21,31051.49,31061.3,31057.85
2023-07-04 12:53:32,31053.21,31052.2,31061.29,31057.62
2023-07-04 12:53:38,31054.48,31053.87,31061.37,31058.38
2023-07-04 12:53:43,31056.49,31053.65,31063.02,31059.04
2023-07-04 12:53:48,31056.52,31055.21,31063.03,31060.34
2023-07-04 12:53:53,31053.1,31050.87,31059.0,31055.85
2023-07-04 12:53:59,31052.01,31050.78,31059.0,31055.83
2023-07-04 12:54:04,31053.9,31052.48,31060.98,31055.23
2023-07-04 12:54:09,31053.16,31051.85,31060.41,31055.5
2023-07-04 12:54:14,31054.57,31052.12,31061.46,31058.06
2023-07-04 12:54:19,31055.19,31054.79,31063.25,31058.93
2023-07-04 12:54:25,31057.05,31056.97,31064.17,31061.11
2023-07-04 12:54:30,31056.63,31055.07,31064.17,31061.11
2023-07-04 12:54:35,31057.48,31055.04,31064.17,31060.12
2023-07-04 12:54:40,31057.24,31055.21,31063.87,31059.98
2023-07-04 12:54:46,31060.97,31059.18,31067.45,31064.8
2023-07-04 12:54:51,31058.69,31056.12,31067.04,31062.4
2023-07-04 12:54:56,31059.2,31057.29,31067.99,31063.2
2023-07-04 12:55:01,31058.15,31056.75,31066.34,31060.44
2023-07-04 12:55:06,31055.47,31054.05,31065.52,31060.74
2023-07-04 12:55:12,31054.22,31053.6,31061.75,31058.32
2023-07-04 12:55:17,31055.65,31054.53,31062.76,31058.48
2023-07-04 12:55:22,31057.28,31056.41,31062.76,31058.48
2023-07-04 12:55:27,31056.41,31055.28,31062.76,31059.23
2023-07-04 12:55:33,31056.26,31055.13,31061.92,31059.23
2023-07-04 12:55:38,31054.23,31053.5,31060.73,31057.16
2023-07-04 12:55:43,31055.26,31054.3,31060.75,31057.57
2023-07-04 12:55:48,31055.17,31054.5,31059.59,31056.09
2023-07-04 12:55:53,31055.81,31054.78,31060.71,31056.44
2023-07-04 12:55:59,31060.03,31058.32,31066.0,31061.05
2023-07-04 12:56:04,31056.5,31054.55,31062.94,31058.61
2023-07-04 12:56:09,31055.23,31054.12,31061.1,31056.81
2023-07-04 12:56:14,31056.24,31053.44,31064.0,31056.76
2023-07-04 12:56:20,31056.06,31054.02,31063.18,31058.88
2023-07-04 12:56:25,31056.99,31056.05,31063.14,31059.7
2023-07-04 12:56:30,31054.46,31053.52,31063.12,31057.0
2023-07-04 12:56:35,31053.98,31053.44,31061.38,31057.0
2023-07-04 12:56:40,31055.5,31054.6,31061.38,31057.0
2023-07-04 12:56:46,31055.85,31054.95,31061.38,31057.0
2023-07-04 12:56:51,31056.11,31054.68,31062.37,31058.0
2023-07-04 12:56:56,31054.15,31053.44,31060.95,31057.0
2023-07-04 12:57:01,31055.51,31054.64,31062.72,31057.44
2023-07-04 12:57:07,31057.42,31057.15,31063.99,31060.46
2023-07-04 12:57:12,31056.53,31055.31,31063.99,31060.46
2023-07-04 12:57:17,31057.71,31056.32,31064.32,31060.46
2023-07-04 12:57:22,31055.52,31055.0,31064.22,31059.48
2023-07-04 12:57:28,31056.72,31056.01,31064.19,31060.31
2023-07-04 12:57:33,31055.81,31055.09,31064.18,31060.0
2023-07-04 12:57:38,31054.79,31054.2,31062.6,31058.53
2023-07-04 12:57:43,31055.97,31055.51,31064.94,31059.86
2023-07-04 12:57:49,31055.32,31054.27,31062.95,31059.86
2023-07-04 12:57:54,31056.5,31056.11,31062.96,31059.86
2023-07-04 12:57:59,31054.86,31054.51,31062.11,31058.45
2023-07-04 12:58:04,31052.07,31050.9,31060.03,31056.0
2023-07-04 12:58:09,31050.51,31049.69,31055.39,31051.94
2023-07-04 12:58:15,31046.96,31046.0,31052.03,31049.49
2023-07-04 12:58:20,31047.9,31046.79,31052.05,31047.58
2023-07-04 12:58:25,31048.02,31044.87,31053.01,31048.62
2023-07-04 12:58:30,31051.08,31049.7,31056.3,31053.52
2023-07-04 12:58:35,31045.55,31045.21,31052.49,31048.09
2023-07-04 12:58:41,31045.56,31044.24,31052.49,31048.07
2023-07-04 12:58:46,31048.0,31046.86,31053.13,31048.88
2023-07-04 12:58:52,31047.0,31046.27,31053.74,31048.88
2023-07-04 12:58:57,31046.07,31045.32,31053.47,31048.88
2023-07-04 12:59:02,31050.05,31049.54,31057.99,31052.01
2023-07-04 12:59:07,31046.89,31046.04,31053.42,31049.45
2023-07-04 12:59:13,31047.91,31047.41,31055.99,31050.41
2023-07-04 12:59:18,31044.05,31043.02,31050.94,31047.42
2023-07-04 12:59:23,31044.86,31043.22,31050.94,31047.64
2023-07-04 12:59:28,31044.3,31043.01,31050.94,31047.64
2023-07-04 12:59:33,31045.95,31044.62,31053.65,31047.64
2023-07-04 12:59:39,31045.77,31044.84,31053.7,31050.11
2023-07-04 12:59:44,31045.0,31043.5,31053.99,31050.11
2023-07-04 12:59:49,31045.89,31045.15,31053.99,31050.11
2023-07-04 12:59:55,31046.99,31045.57,31054.78,31050.11
2023-07-04 13:00:00,31049.9,31048.09,31057.71,31051.51
2023-07-04 13:00:05,31047.08,31045.56,31055.95,31052.0
2023-07-04 13:00:10,31051.08,31049.69,31057.62,31054.08
2023-07-04 13:00:15,31047.3,31047.21,31058.18,31054.68
2023-07-04 13:00:21,31049.55,31047.92,31058.53,31054.7
2023-07-04 13:00:26,31048.36,31046.44,31056.16,31052.07
2023-07-04 13:00:31,31050.89,31049.27,31058.67,31054.06
2023-07-04 13:00:36,31050.91,31050.2,31059.1,31055.25
2023-07-04 13:00:41,31052.91,31051.46,31061.39,31057.11
2023-07-04 13:00:47,31053.08,31051.27,31061.39,31057.11
2023-07-04 13:00:52,31051.88,31050.41,31061.39,31057.1
2023-07-04 13:00:57,31052.66,31050.71,31061.39,31056.57
2023-07-04 13:01:02,31052.91,31051.5,31061.72,31057.0
2023-07-04 13:01:08,31054.13,31053.04,31060.98,31058.0
2023-07-04 13:01:13,31054.02,31053.72,31060.98,31058.0
2023-07-04 13:01:18,31055.91,31054.41,31060.98,31058.21
2023-07-04 13:01:23,31057.78,31056.37,31063.83,31059.78
2023-07-04 13:01:28,31058.9,31057.49,31065.26,31061.69
2023-07-04 13:01:34,31056.81,31055.23,31062.95,31060.6
2023-07-04 13:01:39,31058.31,31056.92,31063.63,31060.52
2023-07-04 13:01:44,31058.13,31056.95,31064.59,31061.14
2023-07-04 13:01:50,31055.67,31055.06,31061.27,31058.78
2023-07-04 13:01:55,31057.78,31055.64,31062.37,31058.77
2023-07-04 13:02:00,31054.95,31053.67,31062.54,31057.09
2023-07-04 13:02:05,31059.24,31057.86,31064.57,31060.82
2023-07-04 13:02:10,31055.84,31054.61,31063.4,31057.03
2023-07-04 13:02:16,31055.77,31054.09,31063.08,31058.0
2023-07-04 13:02:21,31057.39,31056.02,31064.89,31060.0
2023-07-04 13:02:26,31056.0,31055.07,31064.27,31059.44
2023-07-04 13:02:31,31056.01,31054.47,31063.64,31059.44
2023-07-04 13:02:36,31058.53,31056.08,31063.57,31059.44
2023-07-04 13:02:42,31058.55,31057.08,31062.71,31058.11
2023-07-04 13:02:47,31055.83,31055.24,31063.0,31058.0
2023-07-04 13:02:52,31057.32,31056.62,31064.18,31059.5
2023-07-04 13:02:58,31056.55,31055.29,31064.17,31059.5
2023-07-04 13:03:03,31056.28,31054.12,31062.99,31058.24
2023-07-04 13:03:08,31055.0,31054.05,31062.39,31058.23
2023-07-04 13:03:13,31053.88,31052.66,31061.24,31057.18
2023-07-04 13:03:18,31047.44,31046.48,31053.27,31049.32
2023-07-04 13:03:24,31048.99,31047.82,31053.58,31049.34
2023-07-04 13:03:29,31046.44,31045.0,31052.42,31047.36
2023-07-04 13:03:34,31041.61,31040.13,31048.27,31043.45
2023-07-04 13:03:39,31046.41,31044.91,31051.99,31048.94
2023-07-04 13:03:44,31043.41,31042.14,31051.85,31046.0
2023-07-04 13:03:50,31043.78,31042.8,31049.2,31045.63
2023-07-04 13:03:55,31039.98,31038.99,31046.14,31042.39
2023-07-04 13:04:00,31039.99,31038.79,31045.26,31040.97
2023-07-04 13:04:05,31038.31,31035.91,31045.66,31041.14
2023-07-04 13:04:10,31043.9,31041.57,31049.97,31044.58
2023-07-04 13:04:16,31041.1,31040.98,31049.89,31045.56
2023-07-04 13:04:21,31042.7,31040.94,31049.81,31045.56
2023-07-04 13:04:26,31043.89,31041.81,31049.6,31044.62
2023-07-04 13:04:31,31044.79,31042.86,31049.5,31045.4
2023-07-04 13:04:37,31042.17,31041.07,31048.87,31045.4
2023-07-04 13:04:42,31045.43,31044.05,31050.32,31046.29
2023-07-04 13:04:47,31048.18,31047.12,31053.69,31049.83
2023-07-04 13:04:52,31047.05,31045.46,31053.72,31049.9
2023-07-04 13:04:58,31048.2,31046.9,31053.72,31049.94
2023-07-04 13:05:03,31051.74,31051.47,31054.87,31050.43
2023-07-04 13:05:08,31048.55,31047.93,31053.01,31050.04
2023-07-04 13:05:13,31047.89,31047.58,31051.65,31048.36
2023-07-04 13:05:18,31046.72,31046.03,31049.64,31045.1
2023-07-04 13:05:24,31041.62,31040.86,31045.6,31040.78
2023-07-04 13:05:29,31041.45,31040.68,31045.06,31040.85
2023-07-04 13:05:34,31043.38,31041.8,31047.01,31042.01
2023-07-04 13:05:39,31042.01,31040.77,31042.84,31039.23
2023-07-04 13:05:45,31035.38,31034.2,31037.95,31034.44
2023-07-04 13:05:50,31035.72,31034.18,31038.29,31036.3
2023-07-04 13:05:55,31039.44,31036.96,31043.73,31039.57
2023-07-04 13:06:00,31039.02,31037.28,31042.87,31039.33
2023-07-04 13:06:06,31037.29,31035.89,31039.07,31034.25
2023-07-04 13:06:11,31037.36,31034.09,31039.18,31035.29
2023-07-04 13:06:16,31036.57,31035.22,31038.47,31034.23
2023-07-04 13:06:21,31038.12,31036.79,31041.57,31037.07
2023-07-04 13:06:26,31039.88,31036.37,31041.14,31036.39
2023-07-04 13:06:32,31039.14,31037.56,31040.68,31036.89
2023-07-04 13:06:37,31039.2,31038.82,31040.68,31036.42
2023-07-04 13:06:42,31037.48,31037.21,31039.8,31035.96
2023-07-04 13:06:47,31036.62,31036.41,31038.84,31035.29
2023-07-04 13:06:53,31038.76,31037.4,31042.18,31036.11
2023-07-04 13:06:58,31038.13,31037.52,31041.79,31036.01
2023-07-04 13:07:03,31037.21,31035.81,31039.34,31034.43
2023-07-04 13:07:08,31035.94,31035.11,31039.68,31035.34
2023-07-04 13:07:13,31038.35,31036.63,31041.76,31038.3
2023-07-04 13:07:19,31038.28,31037.44,31041.34,31038.3
2023-07-04 13:07:24,31038.15,31036.73,31041.07,31038.3
2023-07-04 13:07:29,31038.64,31036.54,31042.34,31035.35
2023-07-04 13:07:34,31035.2,31034.26,31037.59,31032.07
2023-07-04 13:07:39,31035.36,31033.82,31037.59,31033.87
2023-07-04 13:07:45,31034.03,31032.42,31038.66,31034.41
2023-07-04 13:07:50,31037.41,31036.87,31041.27,31038.24
2023-07-04 13:07:55,31035.61,31035.6,31042.04,31036.02
2023-07-04 13:08:01,31036.48,31035.9,31041.24,31036.96
2023-07-04 13:08:06,31040.03,31039.43,31044.47,31040.06
2023-07-04 13:08:11,31042.68,31041.32,31045.45,31040.98
2023-07-04 13:08:16,31039.21,31038.56,31044.05,31040.02
2023-07-04 13:08:22,31041.44,31040.21,31045.96,31040.43
2023-07-04 13:08:27,31042.09,31040.87,31045.96,31041.77
2023-07-04 13:08:32,31041.44,31041.22,31045.96,31042.5
2023-07-04 13:08:37,31040.06,31038.73,31045.96,31041.13
2023-07-04 13:08:42,31041.52,31041.32,31045.96,31042.85
2023-07-04 13:08:48,31038.74,31036.73,31043.28,31038.35
2023-07-04 13:08:53,31038.37,31037.21,31043.28,31040.02
2023-07-04 13:08:58,31039.44,31038.3,31042.3,31039.89
2023-07-04 13:09:03,31039.22,31038.32,31042.3,31039.13
2023-07-04 13:09:09,31039.45,31038.74,31042.3,31039.13
2023-07-04 13:09:14,31040.1,31038.73,31042.3,31039.14
2023-07-04 13:09:19,31033.88,31033.02,31037.49,31033.88
2023-07-04 13:09:24,31036.45,31036.25,31041.33,31036.89
2023-07-04 13:09:30,31039.67,31038.33,31042.31,31039.12
2023-07-04 13:09:35,31037.98,31036.76,31044.03,31039.08
2023-07-04 13:09:40,31028.07,31026.87,31033.08,31028.94
2023-07-04 13:09:45,31031.52,31030.52,31035.46,31032.42
2023-07-04 13:09:51,31033.58,31031.56,31036.13,31032.91
2023-07-04 13:09:56,31033.23,31031.86,31036.11,31032.8
2023-07-04 13:10:01,31034.38,31032.73,31038.04,31034.16
2023-07-04 13:10:06,31036.15,31034.74,31039.35,31034.24
2023-07-04 13:10:12,31034.7,31033.72,31038.61,31034.47
2023-07-04 13:10:17,31034.35,31033.24,31038.54,31034.09
2023-07-04 13:10:22,31032.45,31030.49,31036.36,31032.37
2023-07-04 13:10:27,31031.76,31030.0,31036.36,31032.43
2023-07-04 13:10:33,31027.34,31025.61,31030.96,31028.37
2023-07-04 13:10:38,31026.22,31025.5,31028.76,31024.45
2023-07-04 13:10:43,31026.95,31026.05,31031.22,31026.01
2023-07-04 13:10:48,31021.84,31020.23,31022.19,31020.09
2023-07-04 13:10:53,31020.42,31018.19,31022.04,31017.8
2023-07-04 13:10:59,31023.71,31022.23,31026.28,31022.22
2023-07-04 13:11:04,31025.0,31022.65,31028.06,31023.89
2023-07-04 13:11:09,31022.85,31022.16,31028.16,31024.11
2023-07-04 13:11:14,31024.04,31023.47,31027.39,31023.09
2023-07-04 13:11:19,31022.16,31021.08,31026.01,31020.53
2023-07-04 13:11:25,31023.22,31022.08,31026.96,31022.49
2023-07-04 13:11:30,31022.16,31020.83,31025.77,31021.21
2023-07-04 13:11:35,31024.07,31022.89,31025.76,31022.43
2023-07-04 13:11:40,31021.87,31020.82,31024.69,31021.11
2023-07-04 13:11:45,31023.97,31023.01,31027.98,31022.81
2023-07-04 13:11:51,31023.53,31023.12,31027.33,31022.82
2023-07-04 13:11:56,31022.44,31020.76,31025.79,31021.07
2023-07-04 13:12:01,31022.0,31021.43,31026.63,31021.91
2023-07-04 13:12:07,31022.66,31022.39,31028.69,31023.95
2023-07-04 13:12:12,31022.83,31021.29,31027.07,31022.77
2023-07-04 13:12:17,31021.3,31020.62,31024.67,31021.04
2023-07-04 13:12:22,31020.89,31020.25,31023.64,31018.39
2023-07-04 13:12:27,31020.18,31019.2,31023.64,31019.91
2023-07-04 13:12:32,31018.16,31017.06,31021.88,31018.42
2023-07-04 13:12:38,31020.7,31019.13,31024.22,31021.38
2023-07-04 13:12:43,31020.97,31020.27,31025.56,31022.22
2023-07-04 13:12:48,31019.49,31018.68,31024.08,31020.38
2023-07-04 13:12:54,31020.15,31019.43,31023.96,31019.86
2023-07-04 13:12:59,31019.58,31019.16,31023.14,31019.81
2023-07-04 13:13:04,31019.43,31019.42,31023.73,31020.14
2023-07-04 13:13:10,31018.61,31017.05,31023.32,31019.82
2023-07-04 13:13:15,31019.46,31018.19,31023.82,31019.93
2023-07-04 13:13:20,31019.54,31018.37,31024.04,31019.84
2023-07-04 13:13:25,31017.95,31016.8,31021.83,31018.19
2023-07-04 13:13:30,31019.04,31018.7,31021.67,31018.2
2023-07-04 13:13:36,31018.98,31017.73,31021.67,31018.21
2023-07-04 13:13:41,31017.68,31017.51,31021.67,31018.21
2023-07-04 13:13:46,31018.49,31017.37,31021.67,31018.18
2023-07-04 13:13:51,31018.26,31017.82,31021.67,31016.58
2023-07-04 13:13:56,31018.24,31017.31,31020.39,31016.58
2023-07-04 13:14:02,31015.45,31015.42,31016.31,31012.63
2023-07-04 13:14:07,31017.3,31016.26,31017.19,31013.63
2023-07-04 13:14:12,31017.53,31015.77,31019.48,31015.5
2023-07-04 13:14:17,31013.62,31012.24,31015.37,31008.85
2023-07-04 13:14:23,31014.86,31013.56,31014.85,31010.83
2023-07-04 13:14:28,31014.05,31013.55,31015.97,31012.16
2023-07-04 13:14:33,31014.95,31013.37,31016.23,31012.0
2023-07-04 13:14:38,31013.28,31011.03,31017.78,31013.02
2023-07-04 13:14:44,31016.99,31016.5,31019.98,31014.66
2023-07-04 13:14:49,31016.52,31016.22,31020.34,31017.14
2023-07-04 13:14:54,31019.13,31018.39,31022.59,31018.13
2023-07-04 13:14:59,31021.18,31019.7,31023.52,31019.87
2023-07-04 13:15:05,31023.63,31021.23,31023.41,31020.03
2023-07-04 13:15:10,31021.53,31020.18,31022.38,31018.53
2023-07-04 13:15:15,31022.83,31021.54,31022.38,31018.86
2023-07-04 13:15:20,31022.64,31021.08,31023.9,31020.33
2023-07-04 13:15:25,31022.15,31021.26,31023.9,31020.41
2023-07-04 13:15:31,31023.62,31022.49,31024.8,31021.54
2023-07-04 13:15:36,31022.66,31021.33,31025.1,31021.35
2023-07-04 13:15:41,31022.93,31021.89,31025.77,31022.9
2023-07-04 13:15:46,31015.96,31014.69,31020.68,31015.54
2023-07-04 13:15:52,31016.6,31015.12,31018.93,31015.77
2023-07-04 13:15:57,31013.55,31013.19,31016.92,31013.06
2023-07-04 13:16:02,31013.94,31012.42,31014.64,31011.94
2023-07-04 13:16:07,31010.16,31008.5,31011.55,31008.88
2023-07-04 13:16:12,31008.8,31006.92,31010.87,31007.63
2023-07-04 13:16:18,31008.0,31006.33,31009.84,31006.25
2023-07-04 13:16:23,31004.76,31003.19,31003.75,31002.22
2023-07-04 13:16:28,31005.29,31004.21,31005.98,31001.83
2023-07-04 13:16:33,31008.1,31007.25,31008.64,31004.67
2023-07-04 13:16:38,31009.65,31008.74,31008.62,31004.72
2023-07-04 13:16:44,31009.56,31008.38,31011.68,31006.85
2023-07-04 13:16:49,31011.58,31010.71,31011.49,31006.93
2023-07-04 13:16:54,31009.08,31008.79,31011.49,31007.38
2023-07-04 13:16:59,31009.27,31008.25,31010.01,31005.62
2023-07-04 13:17:05,31006.46,31005.23,31009.03,31003.75
2023-07-04 13:17:10,31008.99,31007.99,31010.25,31005.8
2023-07-04 13:17:15,31012.66,31011.87,31016.13,31011.71
2023-07-04 13:17:20,31018.99,31016.85,31019.96,31017.15
2023-07-04 13:17:25,31017.42,31016.66,31020.92,31017.95
2023-07-04 13:17:31,31021.46,31021.42,31023.98,31021.3
2023-07-04 13:17:36,31024.83,31023.05,31026.77,31023.66
2023-07-04 13:17:41,31028.69,31026.98,31030.69,31027.85
2023-07-04 13:17:46,31034.27,31033.08,31036.76,31032.89
2023-07-04 13:17:52,31041.45,31039.83,31042.96,31038.55
2023-07-04 13:17:57,31038.88,31036.91,31041.26,31037.15
2023-07-04 13:18:02,31037.6,31036.9,31041.26,31036.96
2023-07-04 13:18:07,31038.35,31036.3,31041.26,31037.03
2023-07-04 13:18:12,31034.5,31032.94,31038.3,31035.19
2023-07-04 13:18:18,31032.4,31029.63,31034.75,31030.01
2023-07-04 13:18:23,31031.26,31029.89,31036.39,31029.8
2023-07-04 13:18:28,31029.65,31029.64,31033.92,31029.81
2023-07-04 13:18:33,31029.52,31028.95,31032.98,31029.16
2023-07-04 13:18:38,31035.54,31034.61,31041.01,31038.82
2023-07-04 13:18:44,31034.11,31033.09,31040.36,31036.14
2023-07-04 13:18:49,31030.27,31029.64,31036.76,31032.02
2023-07-04 13:18:54,31033.23,31031.77,31037.26,31034.02
2023-07-04 13:18:59,31034.16,31032.43,31039.34,31034.02
2023-07-04 13:19:04,31031.33,31030.27,31037.43,31034.02
2023-07-04 13:19:10,31031.99,31031.05,31037.8,31035.02
2023-07-04 13:19:15,31034.61,31033.67,31041.29,31037.69
2023-07-04 13:19:20,31038.67,31037.54,31043.71,31040.88
2023-07-04 13:19:25,31037.93,31036.86,31044.28,31040.88
2023-07-04 13:19:31,31039.5,31038.8,31046.1,31042.62
2023-07-04 13:19:36,31043.97,31043.23,31050.39,31047.54
2023-07-04 13:19:41,31042.89,31041.72,31048.85,31044.02
2023-07-04 13:19:46,31043.31,31042.81,31048.85,31044.03
2023-07-04 13:19:51,31043.44,31042.1,31050.04,31044.23
2023-07-04 13:19:57,31041.61,31040.39,31047.88,31042.86
2023-07-04 13:20:02,31038.99,31037.74,31045.97,31040.93
2023-07-04 13:20:07,31037.98,31037.57,31045.83,31040.92
2023-07-04 13:20:12,31037.89,31037.59,31045.05,31040.02
2023-07-04 13:20:18,31040.5,31039.74,31046.22,31042.0
2023-07-04 13:20:23,31036.96,31034.88,31040.45,31037.14
2023-07-04 13:20:28,31036.11,31034.88,31041.87,31036.83
2023-07-04 13:20:33,31036.12,31034.32,31041.37,31037.51
2023-07-04 13:20:38,31035.14,31033.87,31039.99,31035.91
2023-07-04 13:20:44,31035.97,31034.67,31039.99,31035.91
2023-07-04 13:20:49,31034.99,31033.22,31039.32,31035.87
2023-07-04 13:20:54,31036.11,31035.52,31041.38,31036.75
2023-07-04 13:20:59,31036.45,31035.63,31041.07,31036.78
2023-07-04 13:21:05,31038.8,31037.17,31042.34,31039.23
2023-07-04 13:21:10,31042.47,31040.86,31046.71,31041.97
2023-07-04 13:21:15,31042.32,31041.41,31047.28,31043.32
2023-07-04 13:21:20,31042.01,31041.62,31047.28,31044.36
2023-07-04 13:21:26,31039.79,31039.01,31045.74,31040.92
2023-07-04 13:21:31,31038.82,31038.09,31044.37,31038.14
2023-07-04 13:21:36,31038.16,31037.18,31043.06,31038.32
2023-07-04 13:21:41,31039.26,31038.39,31043.06,31038.99
2023-07-04 13:21:47,31037.71,31036.64,31041.45,31036.69
2023-07-04 13:21:52,31039.26,31038.48,31043.69,31038.24
2023-07-04 13:21:57,31040.16,31038.58,31043.82,31038.71
2023-07-04 13:22:03,31038.2,31037.23,31040.69,31036.69
2023-07-04 13:22:08,31039.0,31038.16,31040.69,31038.11
2023-07-04 13:22:13,31039.41,31038.45,31043.23,31038.69
2023-07-04 13:22:18,31040.26,31039.18,31043.75,31038.74
2023-07-04 13:22:24,31037.76,31036.27,31042.06,31038.69
2023-07-04 13:22:29,31038.15,31036.88,31042.06,31038.69
2023-07-04 13:22:35,31038.0,31037.12,31042.06,31038.68
2023-07-04 13:22:40,31037.95,31037.21,31042.06,31038.68
2023-07-04 13:22:45,31038.25,31035.96,31043.03,31036.71
2023-07-04 13:22:50,31037.82,31037.01,31042.68,31037.73
2023-07-04 13:22:56,31038.49,31038.01,31043.49,31040.49
2023-07-04 13:23:01,31037.12,31035.96,31043.25,31037.92
2023-07-04 13:23:06,31035.58,31032.75,31038.55,31034.59
2023-07-04 13:23:11,31029.91,31028.05,31034.02,31031.13
2023-07-04 13:23:17,31033.22,31032.29,31040.0,31035.62
2023-07-04 13:23:22,31032.95,31031.44,31039.78,31034.87
2023-07-04 13:23:27,31031.85,31030.89,31039.24,31034.87
2023-07-04 13:23:32,31031.74,31031.0,31038.72,31032.97
2023-07-04 13:23:37,31033.21,31032.21,31039.21,31035.71
2023-07-04 13:23:43,31031.41,31030.07,31038.5,31033.82
2023-07-04 13:23:48,31032.22,31031.16,31039.14,31034.72
2023-07-04 13:23:53,31032.99,31031.68,31038.54,31034.72
2023-07-04 13:23:58,31030.95,31030.27,31038.53,31032.92
2023-07-04 13:24:03,31031.67,31030.81,31037.87,31032.92
2023-07-04 13:24:09,31031.22,31030.96,31037.87,31034.04
2023-07-04 13:24:14,31031.96,31031.03,31037.85,31034.04
2023-07-04 13:24:19,31032.17,31031.84,31037.87,31034.04
2023-07-04 13:24:24,31031.06,31028.93,31037.83,31032.53
2023-07-04 13:24:30,31028.33,31027.29,31036.1,31031.18
2023-07-04 13:24:35,31031.63,31029.86,31036.08,31031.33
2023-07-04 13:24:40,31031.21,31030.99,31036.1,31032.18
2023-07-04 13:24:46,31031.06,31030.02,31036.1,31032.18
2023-07-04 13:24:51,31032.61,31030.8,31036.1,31032.25
2023-07-04 13:24:56,31030.57,31029.47,31036.09,31032.18
2023-07-04 13:25:01,31030.12,31029.83,31036.06,31030.04
2023-07-04 13:25:06,31030.5,31029.57,31036.06,31031.06
2023-07-04 13:25:12,31030.34,31028.93,31036.57,31030.14
2023-07-04 13:25:17,31031.97,31030.89,31036.86,31031.78
2023-07-04 13:25:22,31031.64,31031.01,31036.81,31031.78
2023-07-04 13:25:27,31031.34,31030.72,31037.4,31032.82
2023-07-04 13:25:33,31038.42,31037.47,31043.75,31039.16
2023-07-04 13:25:38,31038.0,31037.08,31043.66,31039.22
2023-07-04 13:25:43,31038.98,31037.69,31044.92,31039.33
2023-07-04 13:25:48,31038.85,31037.01,31044.05,31038.49
2023-07-04 13:25:53,31036.28,31034.9,31042.12,31038.04
2023-07-04 13:25:59,31033.74,31032.7,31040.03,31036.03
2023-07-04 13:26:04,31034.97,31033.35,31039.19,31034.73
2023-07-04 13:26:09,31033.06,31032.87,31039.19,31034.73
2023-07-04 13:26:15,31031.49,31030.87,31036.26,31031.65
2023-07-04 13:26:20,31033.77,31032.73,31037.92,31032.3
2023-07-04 13:26:25,31034.43,31032.95,31041.99,31038.49
2023-07-04 13:26:30,31034.19,31032.93,31039.21,31036.05
2023-07-04 13:26:35,31036.0,31035.04,31040.88,31036.43
2023-07-04 13:26:41,31034.97,31034.02,31040.03,31034.05
2023-07-04 13:26:46,31034.9,31034.05,31039.84,31034.05
2023-07-04 13:26:51,31036.06,31035.61,31039.8,31035.85
2023-07-04 13:26:56,31034.08,31033.04,31040.18,31034.81
2023-07-04 13:27:03,31034.82,31033.62,31040.18,31034.98
2023-07-04 13:27:08,31040.35,31039.09,31044.16,31040.34
2023-07-04 13:27:13,31036.59,31035.2,31043.35,31038.08
2023-07-04 13:27:18,31036.01,31035.24,31042.83,31038.11
2023-07-04 13:27:24,31037.11,31036.13,31044.54,31039.08
2023-07-04 13:27:29,31035.73,31034.42,31042.92,31038.02
2023-07-04 13:27:34,31036.99,31036.75,31041.51,31038.09
2023-07-04 13:27:39,31037.45,31036.64,31045.46,31039.62
2023-07-04 13:27:45,31038.13,31036.94,31045.11,31039.64
2023-07-04 13:27:50,31037.24,31035.28,31043.18,31037.93
2023-07-04 13:27:55,31036.62,31035.11,31043.18,31037.98
2023-07-04 13:28:00,31036.13,31035.53,31043.59,31038.63
2023-07-04 13:28:05,31035.23,31034.42,31042.81,31038.17
2023-07-04 13:28:11,31036.45,31035.81,31043.99,31037.58
2023-07-04 13:28:16,31037.92,31036.57,31043.96,31037.58
2023-07-04 13:28:21,31035.44,31034.94,31042.75,31037.84
2023-07-04 13:28:26,31037.21,31036.24,31044.65,31038.2
2023-07-04 13:28:32,31037.07,31036.29,31044.24,31038.41
2023-07-04 13:28:37,31037.08,31036.15,31044.07,31038.56
2023-07-04 13:28:42,31037.71,31036.35,31043.1,31038.17
2023-07-04 13:28:47,31036.4,31036.27,31043.08,31036.0
2023-07-04 13:28:52,31037.41,31035.87,31043.06,31037.73
2023-07-04 13:28:58,31037.19,31035.96,31043.06,31037.79
2023-07-04 13:29:03,31038.2,31037.41,31043.06,31038.48
2023-07-04 13:29:08,31041.0,31040.53,31047.25,31044.01
2023-07-04 13:29:13,31041.04,31038.5,31043.94,31040.51
2023-07-04 13:29:19,31041.0,31040.45,31046.79,31042.58
2023-07-04 13:29:24,31042.97,31042.01,31047.32,31043.76
2023-07-04 13:29:29,31042.26,31041.56,31047.32,31043.76
2023-07-04 13:29:34,31043.48,31042.31,31048.64,31044.48
2023-07-04 13:29:40,31041.86,31041.26,31048.1,31044.58
2023-07-04 13:29:45,31041.42,31040.23,31047.67,31043.58
2023-07-04 13:29:50,31038.08,31037.24,31044.93,31038.4
2023-07-04 13:29:55,31039.28,31037.76,31044.65,31038.21
2023-07-04 13:30:01,31039.15,31037.64,31044.52,31038.1
2023-07-04 13:30:06,31031.52,31030.89,31037.98,31031.05
2023-07-04 13:30:11,31029.93,31029.1,31036.27,31030.72
2023-07-04 13:30:16,31031.06,31030.34,31037.1,31030.79
2023-07-04 13:30:22,31031.03,31030.03,31035.89,31029.88
2023-07-04 13:30:27,31032.1,31031.54,31037.55,31031.63
2023-07-04 13:30:32,31029.93,31028.87,31035.83,31030.05
2023-07-04 13:30:37,31030.53,31029.43,31035.83,31030.17
2023-07-04 13:30:42,31030.5,31029.13,31030.0,31025.09
2023-07-04 13:30:48,31016.63,31015.61,31021.64,31017.62
2023-07-04 13:30:53,31015.6,31014.03,31019.41,31012.3
2023-07-04 13:30:58,31014.99,31014.08,31018.27,31012.05
2023-07-04 13:31:03,31016.41,31015.27,31018.5,31013.14
2023-07-04 13:31:08,31014.41,31013.62,31017.74,31011.48
2023-07-04 13:31:14,31008.52,31007.54,31006.04,31004.85
2023-07-04 13:31:19,30999.22,30997.71,31003.32,30998.01
2023-07-04 13:31:24,31001.0,31000.02,31001.76,30997.01
2023-07-04 13:31:29,31010.33,31008.14,31012.64,31006.26
2023-07-04 13:31:35,31015.76,31013.5,31018.43,31014.49
2023-07-04 13:31:40,31020.38,31018.14,31027.71,31020.89
2023-07-04 13:31:45,31029.82,31027.3,31038.69,31031.89
2023-07-04 13:31:51,31034.24,31029.88,31038.87,31033.63
2023-07-04 13:31:56,31032.96,31031.48,31039.54,31034.37
2023-07-04 13:32:01,31034.54,31033.02,31039.37,31034.93
2023-07-04 13:32:06,31032.48,31031.72,31038.78,31032.6
2023-07-04 13:32:12,31034.98,31034.76,31042.15,31035.81
2023-07-04 13:32:17,31037.48,31035.73,31042.72,31036.73
2023-07-04 13:32:22,31036.73,31035.79,31042.3,31037.4
2023-07-04 13:32:28,31036.36,31033.92,31039.83,31035.64
2023-07-04 13:32:33,31035.11,31034.07,31039.48,31035.46
2023-07-04 13:32:38,31035.29,31034.39,31039.48,31034.54
2023-07-04 13:32:43,31034.99,31033.76,31038.7,31034.54
2023-07-04 13:32:48,31035.42,31033.3,31039.01,31034.36
2023-07-04 13:32:54,31034.82,31034.19,31040.56,31035.83
2023-07-04 13:32:59,31034.32,31033.23,31038.52,31034.39
2023-07-04 13:33:04,31033.39,31032.47,31038.7,31033.53
2023-07-04 13:33:09,31031.26,31030.31,31035.44,31032.25
2023-07-04 13:33:14,31034.8,31034.29,31036.52,31033.02
2023-07-04 13:33:20,31036.78,31035.63,31039.66,31036.02
2023-07-04 13:33:25,31037.62,31035.66,31040.42,31036.4
2023-07-04 13:33:30,31035.86,31034.31,31041.28,31037.23
2023-07-04 13:33:35,31036.2,31035.5,31041.11,31038.04
2023-07-04 13:33:40,31040.88,31038.83,31047.99,31044.14
2023-07-04 13:33:46,31040.03,31038.1,31046.67,31042.0
2023-07-04 13:33:51,31039.88,31038.45,31046.67,31042.78
2023-07-04 13:33:56,31042.44,31041.16,31048.99,31045.58
2023-07-04 13:34:01,31046.22,31044.31,31051.24,31047.04
2023-07-04 13:34:07,31045.9,31044.74,31052.1,31047.08
2023-07-04 13:34:12,31044.44,31044.39,31051.03,31047.16
2023-07-04 13:34:17,31047.98,31047.17,31051.35,31047.22
2023-07-04 13:34:22,31046.04,31045.96,31051.35,31047.25
2023-07-04 13:34:27,31049.43,31048.53,31054.82,31049.31
2023-07-04 13:34:33,31047.89,31046.54,31052.62,31049.36
2023-07-04 13:34:38,31049.9,31046.89,31052.95,31049.91
2023-07-04 13:34:43,31046.54,31045.6,31051.62,31047.11
2023-07-04 13:34:48,31048.35,31047.37,31051.62,31047.58
2023-07-04 13:34:54,31048.0,31047.61,31053.5,31048.14
2023-07-04 13:34:59,31047.98,31047.03,31050.65,31047.64
2023-07-04 13:35:04,31047.85,31046.58,31051.53,31048.41
2023-07-04 13:35:09,31047.76,31046.49,31051.53,31047.75
2023-07-04 13:35:14,31046.45,31045.46,31051.53,31047.78
2023-07-04 13:35:20,31046.87,31045.93,31051.53,31047.78
2023-07-04 13:35:25,31047.38,31046.32,31051.53,31048.19
2023-07-04 13:35:30,31046.11,31045.1,31051.53,31048.21
2023-07-04 13:35:35,31048.56,31046.83,31052.69,31049.27
2023-07-04 13:35:40,31047.28,31045.94,31052.04,31047.33
2023-07-04 13:35:46,31046.05,31045.04,31050.81,31047.33
2023-07-04 13:35:51,31047.01,31046.58,31050.79,31046.45
2023-07-04 13:35:56,31047.54,31046.22,31050.81,31046.45
2023-07-04 13:36:01,31047.12,31046.64,31050.81,31046.45
2023-07-04 13:36:07,31046.5,31045.45,31050.81,31046.94
2023-07-04 13:36:12,31047.9,31046.85,31050.82,31048.01
2023-07-04 13:36:17,31046.39,31045.06,31050.82,31047.53
2023-07-04 13:36:22,31047.82,31046.53,31049.88,31046.71
2023-07-04 13:36:28,31045.73,31044.7,31047.96,31045.42
2023-07-04 13:36:33,31046.56,31045.41,31049.41,31045.5
2023-07-04 13:36:38,31045.61,31042.72,31048.18,31044.7
2023-07-04 13:36:43,31040.43,31039.18,31044.42,31040.21
2023-07-04 13:36:49,31041.81,31040.0,31045.83,31041.17
2023-07-04 13:36:54,31039.3,31038.61,31044.16,31039.92
2023-07-04 13:36:59,31034.6,31033.59,31039.08,31035.58
2023-07-04 13:37:04,31037.75,31036.57,31041.1,31037.05
2023-07-04 13:37:09,31039.17,31038.3,31043.01,31039.73
2023-07-04 13:37:15,31031.29,31028.61,31037.0,31033.15
2023-07-04 13:37:20,31033.9,31032.82,31039.61,31034.21
2023-07-04 13:37:25,31034.35,31033.51,31039.49,31034.21
2023-07-04 13:37:30,31026.22,31025.25,31032.04,31028.71
2023-07-04 13:37:35,31024.39,31023.39,31029.34,31026.61
2023-07-04 13:37:41,31026.26,31025.19,31031.99,31027.21
2023-07-04 13:37:46,31028.24,31026.98,31035.36,31029.19
2023-07-04 13:37:51,31027.4,31026.72,31034.86,31029.81
2023-07-04 13:37:56,31029.1,31028.62,31034.85,31031.63
2023-07-04 13:38:01,31028.1,31027.12,31033.97,31029.88
2023-07-04 13:38:07,31029.03,31028.51,31035.63,31030.79
2023-07-04 13:38:12,31032.13,31031.5,31037.54,31032.45
2023-07-04 13:38:17,31032.16,31031.64,31037.54,31032.91
2023-07-04 13:38:22,31030.97,31029.46,31035.38,31032.47
2023-07-04 13:38:28,31029.64,31028.13,31032.28,31029.22
2023-07-04 13:38:33,31032.22,31031.14,31036.42,31032.78
2023-07-04 13:38:38,31031.3,31029.96,31035.91,31032.79
2023-07-04 13:38:43,31032.79,31032.18,31037.59,31032.69
2023-07-04 13:38:48,31033.38,31032.43,31036.61,31032.75
2023-07-04 13:38:54,31033.33,31032.34,31038.58,31033.76
2023-07-04 13:38:59,31039.52,31037.3,31043.41,31039.84
2023-07-04 13:39:04,31039.71,31038.29,31045.74,31040.74
2023-07-04 13:39:09,31037.99,31037.58,31042.91,31039.76
2023-07-04 13:39:14,31037.75,31036.53,31042.13,31038.5
2023-07-04 13:39:20,31041.9,31040.7,31048.17,31044.02
2023-07-04 13:39:25,31043.69,31042.67,31048.82,31044.66
2023-07-04 13:39:30,31046.59,31045.67,31051.28,31048.02
2023-07-04 13:39:36,31044.68,31042.62,31051.86,31046.12
2023-07-04 13:39:41,31043.28,31042.4,31049.33,31044.37
2023-07-04 13:39:46,31044.01,31043.49,31049.33,31044.37
2023-07-04 13:39:51,31041.2,31039.5,31047.57,31042.43
2023-07-04 13:39:57,31042.46,31041.76,31048.64,31042.69
2023-07-04 13:40:02,31041.63,31041.09,31048.28,31043.17
2023-07-04 13:40:08,31047.47,31045.64,31053.86,31049.08
2023-07-04 13:40:13,31047.99,31046.67,31053.94,31049.19
2023-07-04 13:40:18,31053.44,31051.41,31059.15,31056.27
2023-07-04 13:40:23,31051.55,31050.82,31060.32,31055.22
2023-07-04 13:40:29,31054.86,31052.88,31060.84,31057.2
2023-07-04 13:40:34,31054.06,31052.32,31060.84,31057.2
2023-07-04 13:40:39,31052.19,31051.39,31060.35,31055.68
2023-07-04 13:40:44,31055.96,31054.74,31062.05,31058.69
2023-07-04 13:40:49,31055.72,31054.09,31062.83,31059.48
2023-07-04 13:40:55,31054.43,31053.36,31062.33,31056.18
2023-07-04 13:41:00,31055.07,31053.67,31062.8,31058.85
2023-07-04 13:41:05,31055.0,31054.52,31062.82,31059.03
2023-07-04 13:41:10,31054.06,31052.48,31062.83,31059.07
2023-07-04 13:41:15,31049.63,31048.63,31059.44,31054.27
2023-07-04 13:41:21,31051.76,31050.62,31061.81,31055.78
2023-07-04 13:41:26,31053.0,31051.9,31059.99,31054.86
2023-07-04 13:41:31,31047.76,31046.13,31054.29,31048.86
2023-07-04 13:41:36,31047.89,31046.68,31054.11,31048.88
2023-07-04 13:41:42,31052.04,31048.92,31057.83,31054.12
2023-07-04 13:41:47,31052.0,31050.45,31059.07,31055.88
2023-07-04 13:41:52,31050.69,31048.71,31058.27,31054.15
2023-07-04 13:41:57,31055.51,31052.17,31061.3,31057.9
2023-07-04 13:42:02,31054.03,31053.51,31061.17,31057.22
2023-07-04 13:42:08,31055.4,31054.35,31061.17,31057.52
2023-07-04 13:42:13,31053.8,31051.62,31059.35,31056.18
2023-07-04 13:42:18,31054.77,31053.27,31059.35,31056.19
2023-07-04 13:42:23,31054.84,31052.58,31059.35,31056.1
2023-07-04 13:42:29,31059.35,31057.48,31064.11,31060.24
2023-07-04 13:42:34,31057.09,31056.0,31064.09,31060.0
2023-07-04 13:42:39,31054.13,31052.6,31061.02,31056.01
2023-07-04 13:42:44,31055.75,31053.36,31061.03,31057.27
2023-07-04 13:42:49,31055.11,31053.69,31061.03,31056.52
2023-07-04 13:42:55,31055.55,31053.98,31060.87,31057.3
2023-07-04 13:43:00,31054.36,31053.19,31061.2,31055.81
2023-07-04 13:43:05,31055.49,31054.49,31061.35,31057.91
2023-07-04 13:43:10,31053.6,31052.85,31061.73,31057.91
2023-07-04 13:43:16,31055.05,31054.15,31061.73,31057.91
2023-07-04 13:43:21,31058.66,31057.64,31064.6,31060.66
2023-07-04 13:43:26,31057.95,31056.39,31064.68,31060.66
2023-07-04 13:43:32,31058.28,31057.88,31064.79,31060.66
2023-07-04 13:43:37,31056.79,31055.71,31063.84,31060.66
2023-07-04 13:43:42,31055.8,31054.92,31063.82,31059.65
2023-07-04 13:43:47,31058.3,31057.48,31063.84,31059.66
2023-07-04 13:43:52,31055.23,31053.99,31061.23,31057.0
2023-07-04 13:43:58,31052.84,31051.72,31060.75,31056.88
2023-07-04 13:44:03,31048.91,31047.17,31054.48,31050.67
2023-07-04 13:44:08,31048.17,31047.11,31053.68,31048.99
2023-07-04 13:44:13,31042.18,31041.75,31047.66,31045.12
2023-07-04 13:44:18,31039.12,31038.06,31045.53,31039.8
2023-07-04 13:44:24,31039.86,31038.3,31044.66,31041.08
2023-07-04 13:44:29,31039.32,31038.0,31043.69,31039.26
2023-07-04 13:44:34,31039.55,31038.14,31043.69,31039.26
2023-07-04 13:44:39,31040.05,31039.12,31045.58,31040.08
2023-07-04 13:44:45,31043.63,31042.76,31046.77,31044.19
2023-07-04 13:44:50,31044.57,31043.07,31050.63,31045.89
2023-07-04 13:44:55,31046.36,31045.92,31050.58,31047.33
2023-07-04 13:45:00,31044.89,31043.57,31050.73,31047.33
2023-07-04 13:45:06,31045.77,31045.07,31050.73,31047.06
2023-07-04 13:45:11,31045.66,31044.54,31050.72,31046.53
2023-07-04 13:45:16,31044.32,31043.88,31050.72,31046.37
2023-07-04 13:45:21,31045.99,31044.96,31051.93,31047.41
2023-07-04 13:45:27,31045.83,31044.61,31051.93,31048.17
2023-07-04 13:45:32,31042.84,31041.32,31051.65,31047.92
2023-07-04 13:45:37,31045.74,31044.55,31050.84,31046.93
2023-07-04 13:45:42,31044.44,31043.2,31049.98,31045.72
2023-07-04 13:45:47,31042.01,31041.18,31048.87,31045.2
2023-07-04 13:45:53,31042.61,31041.49,31048.87,31045.19
2023-07-04 13:45:58,31042.73,31041.67,31048.87,31045.18
2023-07-04 13:46:03,31039.87,31037.46,31045.01,31041.35
2023-07-04 13:46:08,31036.89,31035.44,31041.31,31036.16
2023-07-04 13:46:14,31037.34,31036.26,31040.46,31036.7
2023-07-04 13:46:19,31033.18,31031.85,31036.72,31032.89
2023-07-04 13:46:24,31032.99,31031.6,31036.34,31032.89
2023-07-04 13:46:29,31032.58,31031.23,31037.97,31033.72
2023-07-04 13:46:34,31030.92,31030.58,31036.68,31031.37
2023-07-04 13:46:40,31031.75,31030.54,31036.68,31032.11
2023-07-04 13:46:45,31030.96,31030.18,31036.68,31032.12
2023-07-04 13:46:50,31031.43,31030.72,31036.68,31032.14
2023-07-04 13:46:55,31031.25,31031.0,31036.76,31032.14
2023-07-04 13:47:01,31033.46,31032.57,31037.98,31032.75
2023-07-04 13:47:06,31033.96,31032.94,31036.94,31033.74
2023-07-04 13:47:11,31033.8,31032.58,31036.85,31033.74
2023-07-04 13:47:16,31033.0,31032.0,31037.61,31035.16
2023-07-04 13:47:21,31034.28,31033.23,31038.22,31034.04
2023-07-04 13:47:27,31035.0,31033.79,31039.25,31034.84
2023-07-04 13:47:32,31033.46,31032.7,31036.75,31032.12
2023-07-04 13:47:37,31032.56,31032.08,31036.15,31032.14
2023-07-04 13:47:42,31032.55,31032.02,31036.76,31032.62
2023-07-04 13:47:47,31034.3,31033.76,31039.99,31035.72
2023-07-04 13:47:53,31034.77,31034.24,31039.82,31035.72
2023-07-04 13:47:58,31034.67,31033.64,31039.56,31035.73
2023-07-04 13:48:03,31034.89,31034.05,31039.56,31035.73
2023-07-04 13:48:08,31035.2,31033.78,31039.06,31035.73
2023-07-04 13:48:13,31036.49,31033.09,31039.99,31035.74
2023-07-04 13:48:19,31034.79,31033.77,31039.69,31035.75
2023-07-04 13:48:24,31034.84,31033.79,31038.83,31035.38
2023-07-04 13:48:29,31034.64,31033.63,31038.84,31035.39
2023-07-04 13:48:34,31031.09,31029.64,31035.6,31030.83
2023-07-04 13:48:40,31031.98,31031.08,31035.76,31032.58
2023-07-04 13:48:45,31034.6,31033.2,31037.81,31032.64
2023-07-04 13:48:50,31033.16,31031.72,31037.06,31032.64
2023-07-04 13:48:55,31027.93,31027.21,31032.73,31028.2
2023-07-04 13:49:00,31029.81,31028.37,31032.78,31028.36
2023-07-04 13:49:06,31027.17,31025.99,31031.85,31025.8
2023-07-04 13:49:11,31029.43,31028.65,31033.53,31029.33
2023-07-04 13:49:16,31026.91,31025.41,31030.76,31027.43
2023-07-04 13:49:21,31027.58,31026.58,31033.48,31028.25
2023-07-04 13:49:26,31030.21,31029.28,31035.05,31030.8
2023-07-04 13:49:32,31031.7,31031.19,31037.44,31034.13
2023-07-04 13:49:37,31032.7,31031.73,31037.43,31034.13
2023-07-04 13:49:42,31029.4,31028.84,31034.56,31030.01
2023-07-04 13:49:47,31030.81,31030.36,31034.56,31030.01
2023-07-04 13:49:53,31030.58,31029.79,31034.55,31030.0
2023-07-04 13:49:58,31029.5,31028.95,31033.53,31029.48
2023-07-04 13:50:03,31031.85,31030.78,31036.54,31030.88
2023-07-04 13:50:08,31030.54,31029.15,31035.53,31030.86
2023-07-04 13:50:13,31029.8,31028.03,31034.11,31029.66
2023-07-04 13:50:19,31029.5,31028.89,31034.0,31029.0
2023-07-04 13:50:24,31030.6,31029.41,31034.0,31030.85
2023-07-04 13:50:29,31029.75,31029.02,31034.0,31030.85
2023-07-04 13:50:34,31030.56,31029.09,31033.21,31029.23
2023-07-04 13:50:40,31031.35,31030.39,31034.92,31029.96
2023-07-04 13:50:45,31029.34,31028.93,31034.05,31028.25
2023-07-04 13:50:50,31028.91,31028.17,31032.65,31030.0
2023-07-04 13:50:55,31029.68,31029.27,31032.65,31030.0
2023-07-04 13:51:01,31027.37,31026.02,31030.0,31025.95
2023-07-04 13:51:06,31024.08,31022.43,31026.08,31021.83
2023-07-04 13:51:11,31024.65,31023.63,31027.22,31024.38
2023-07-04 13:51:16,31022.67,31021.59,31027.68,31023.22
2023-07-04 13:51:21,31021.03,31019.61,31025.67,31018.36
2023-07-04 13:51:27,31021.7,31019.96,31025.39,31021.77
2023-07-04 13:51:32,31022.39,31020.69,31025.97,31022.64
2023-07-04 13:51:37,31021.67,31020.84,31025.89,31022.64
2023-07-04 13:51:43,31023.17,31021.99,31027.72,31024.84
2023-07-04 13:51:48,31025.19,31023.93,31028.73,31025.65
2023-07-04 13:51:53,31022.48,31022.07,31028.49,31024.87
2023-07-04 13:51:58,31020.73,31019.24,31025.99,31023.02
2023-07-04 13:52:03,31021.55,31020.68,31026.13,31023.41
2023-07-04 13:52:09,31009.99,31009.02,31017.71,31012.06
2023-07-04 13:52:14,31018.64,31018.26,31024.18,31020.59
2023-07-04 13:52:19,31018.09,31016.99,31022.55,31019.46
2023-07-04 13:52:24,31009.29,31007.22,31015.44,31011.11
2023-07-04 13:52:30,31013.02,31011.19,31019.29,31015.74
2023-07-04 13:52:35,31013.69,31012.09,31019.53,31015.62
2023-07-04 13:52:40,31010.73,31007.04,31015.05,31011.34
2023-07-04 13:52:45,31012.6,31011.22,31016.76,31013.51
2023-07-04 13:52:51,31012.77,31011.23,31015.89,31012.64
2023-07-04 13:52:56,31008.72,31006.08,31008.24,31007.46
2023-07-04 13:53:01,31009.9,31008.73,31017.22,31012.01
2023-07-04 13:53:06,31010.25,31008.73,31015.0,31011.18
2023-07-04 13:53:11,30993.12,30989.97,30997.98,30992.22
2023-07-04 13:53:17,30991.02,30986.89,30995.11,30990.56
2023-07-04 13:53:22,30993.99,30992.13,30998.31,30994.0
2023-07-04 13:53:27,30998.27,30996.81,31004.49,31000.5
2023-07-04 13:53:32,30986.88,30984.8,30991.98,30988.71
2023-07-04 13:53:38,30988.25,30987.76,30994.93,30989.97
2023-07-04 13:53:43,30985.47,30982.74,30991.12,30985.22
2023-07-04 13:53:48,30994.02,30991.66,30998.59,30995.45
2023-07-04 13:53:53,30993.09,30991.48,31000.3,30997.47
2023-07-04 13:53:59,30998.02,30996.62,31003.67,30998.41
2023-07-04 13:54:04,30998.8,30997.23,31002.73,30997.99
2023-07-04 13:54:09,30998.81,30997.81,31003.84,30999.84
2023-07-04 13:54:14,30998.64,30997.13,31000.62,30997.28
2023-07-04 13:54:20,31001.75,31000.71,31004.06,30998.79
2023-07-04 13:54:25,31007.7,31004.7,31010.66,31005.52
2023-07-04 13:54:30,31006.48,31005.55,31010.66,31005.37
2023-07-04 13:54:35,31008.24,31006.87,31011.02,31005.38
2023-07-04 13:54:41,31007.55,31006.79,31011.29,31007.51
2023-07-04 13:54:46,31008.31,31006.91,31010.98,31006.07
2023-07-04 13:54:51,31015.17,31013.7,31020.99,31016.03
2023-07-04 13:54:56,31020.7,31018.52,31025.3,31020.78
2023-07-04 13:55:01,31011.48,31010.07,31016.36,31011.74
2023-07-04 13:55:07,31013.48,31011.89,31015.81,31011.8
2023-07-04 13:55:12,31016.12,31013.96,31023.96,31016.63
2023-07-04 13:55:17,31018.58,31017.22,31022.18,31018.73
2023-07-04 13:55:22,31017.36,31016.56,31022.85,31018.78
2023-07-04 13:55:27,31019.23,31017.71,31021.42,31018.9
2023-07-04 13:55:33,31019.09,31018.0,31021.66,31019.18
2023-07-04 13:55:38,31017.45,31016.04,31021.02,31017.24
2023-07-04 13:55:43,31014.09,31011.51,31017.66,31012.66
2023-07-04 13:55:48,31013.01,31012.69,31016.63,31012.66
2023-07-04 13:55:54,31005.85,31003.85,31007.23,31003.35
2023-07-04 13:55:59,31005.32,31003.21,31007.22,31003.35
2023-07-04 13:56:04,31004.52,31003.56,31008.18,31004.37
2023-07-04 13:56:10,31007.56,31006.58,31010.04,31006.0
2023-07-04 13:56:15,31009.64,31008.91,31010.28,31006.25
2023-07-04 13:56:20,31013.47,31012.0,31016.14,31010.38
2023-07-04 13:56:25,31013.7,31013.04,31018.5,31013.32
2023-07-04 13:56:30,31013.75,31012.44,31018.01,31010.87
2023-07-04 13:56:36,31013.56,31012.35,31017.59,31011.08
2023-07-04 13:56:41,31014.98,31014.2,31018.39,31012.61
2023-07-04 13:56:46,31013.55,31012.56,31017.93,31011.77
2023-07-04 13:56:51,31014.91,31013.12,31017.97,31011.77
2023-07-04 13:56:56,31011.56,31010.93,31014.43,31008.83
2023-07-04 13:57:02,31013.15,31011.98,31015.51,31010.42
2023-07-04 13:57:07,31007.93,31006.19,31009.0,31004.43
2023-07-04 13:57:12,31006.13,31004.43,31006.5,31002.96
2023-07-04 13:57:17,31005.65,31005.2,31008.5,31004.62
2023-07-04 13:57:23,31007.13,31005.86,31008.5,31004.62
2023-07-04 13:57:28,31006.45,31005.0,31007.65,31002.82
2023-07-04 13:57:33,31009.16,31007.9,31009.7,31004.41
2023-07-04 13:57:38,31010.7,31008.9,31009.65,31004.51
2023-07-04 13:57:44,31010.7,31009.06,31010.85,31005.78
2023-07-04 13:57:49,31008.5,31007.75,31009.32,31005.76
2023-07-04 13:57:54,31008.0,31006.02,31008.51,31004.03
2023-07-04 13:57:59,31007.65,31006.93,31008.51,31004.04
2023-07-04 13:58:04,31010.69,31009.07,31014.24,31008.38
2023-07-04 13:58:10,31011.71,31010.8,31014.02,31008.75
2023-07-04 13:58:15,31012.53,31011.9,31014.02,31010.14
2023-07-04 13:58:20,31001.35,30999.91,31002.19,31000.42
2023-07-04 13:58:25,31001.38,30999.89,31002.94,30998.16
2023-07-04 13:58:31,31002.13,31001.59,31003.23,30999.96
2023-07-04 13:58:36,31002.22,31001.76,31004.25,31001.75
2023-07-04 13:58:41,31002.26,31001.0,31004.22,31001.76
2023-07-04 13:58:46,31005.93,31002.99,31007.99,31001.84
2023-07-04 13:58:52,31003.71,31002.89,31006.13,31001.8
2023-07-04 13:58:57,31005.2,31004.69,31007.72,31003.82
2023-07-04 13:59:02,31008.07,31006.86,31011.24,31006.19
2023-07-04 13:59:07,31009.14,31007.43,31011.24,31007.83
2023-07-04 13:59:13,31007.77,31007.07,31010.28,31006.93
2023-07-04 13:59:18,31007.82,31007.02,31010.27,31006.93
2023-07-04 13:59:23,31008.53,31007.06,31010.29,31006.97
2023-07-04 13:59:28,31008.89,31007.47,31010.3,31007.0
2023-07-04 13:59:34,31009.06,31007.53,31011.23,31007.06
2023-07-04 13:59:39,31008.16,31008.1,31011.21,31007.06
2023-07-04 13:59:44,31009.48,31007.81,31011.92,31008.45
2023-07-04 13:59:49,31008.08,31008.04,31012.58,31008.46
2023-07-04 13:59:55,31007.81,31007.61,31012.61,31008.15
2023-07-04 14:00:00,31008.08,31007.53,31012.17,31008.15
2023-07-04 14:00:05,31008.27,31006.81,31010.19,31006.39
2023-07-04 14:00:10,31007.56,31006.2,31011.78,31007.93
2023-07-04 14:00:15,31007.71,31007.1,31010.95,31006.94
2023-07-04 14:00:21,31007.05,31005.9,31010.02,31005.07
2023-07-04 14:00:26,31006.51,31005.62,31008.75,31005.49
2023-07-04 14:00:31,31003.4,31002.69,31007.53,31003.86
2023-07-04 14:00:36,31001.7,31001.01,31005.55,31001.64
2023-07-04 14:00:42,31001.86,31001.22,31005.69,31001.64
2023-07-04 14:00:47,31001.99,31001.3,31005.69,31002.48
2023-07-04 14:00:52,31003.18,31001.7,31006.51,31002.48
2023-07-04 14:00:58,31003.39,31002.0,31006.51,31002.48
2023-07-04 14:01:03,31006.76,31006.08,31010.4,31005.9
2023-07-04 14:01:08,31003.73,31002.51,31007.9,31004.01
2023-07-04 14:01:13,31005.15,31004.02,31009.16,31004.94
2023-07-04 14:01:18,31005.12,31004.47,31008.64,31005.41
2023-07-04 14:01:24,31005.96,31004.67,31009.96,31005.73
2023-07-04 14:01:29,31007.2,31005.74,31009.96,31006.8
2023-07-04 14:01:34,31008.47,31007.27,31011.08,31007.52
2023-07-04 14:01:39,31006.47,31006.45,31010.09,31007.39
2023-07-04 14:01:44,31006.65,31005.52,31007.42,31006.63
2023-07-04 14:01:50,31008.2,31006.62,31010.38,31006.71
2023-07-04 14:01:55,31008.42,31006.75,31011.06,31008.49
2023-07-04 14:02:00,31014.8,31014.02,31019.12,31017.12
2023-07-04 14:02:05,31013.64,31012.37,31017.24,31014.13
2023-07-04 14:02:11,31014.5,31013.28,31018.82,31014.46
2023-07-04 14:02:16,31016.76,31014.98,31019.12,31015.33
2023-07-04 14:02:21,31007.68,31006.92,31013.69,31008.55
2023-07-04 14:02:26,31008.78,31007.25,31014.4,31010.48
2023-07-04 14:02:31,31009.85,31009.25,31014.4,31010.49
2023-07-04 14:02:37,31008.67,31007.19,31014.75,31010.48
2023-07-04 14:02:42,31009.16,31008.26,31014.27,31010.48
2023-07-04 14:02:47,31009.34,31008.3,31014.28,31010.48
2023-07-04 14:02:52,31009.17,31008.56,31013.55,31010.01
2023-07-04 14:02:58,31011.18,31009.21,31014.02,31011.43
2023-07-04 14:03:03,31009.05,31007.69,31014.0,31008.56
2023-07-04 14:03:08,31009.73,31008.46,31014.09,31009.75
2023-07-04 14:03:13,31009.68,31008.4,31014.09,31009.75
2023-07-04 14:03:19,31005.27,31005.26,31012.28,31007.07
2023-07-04 14:03:24,31005.19,31004.68,31011.79,31007.07
2023-07-04 14:03:29,31004.71,31003.53,31010.12,31007.07
2023-07-04 14:03:34,31005.7,31005.34,31010.45,31006.74
2023-07-04 14:03:39,31003.18,31001.15,31007.4,31003.06
2023-07-04 14:03:45,31004.11,31003.47,31007.04,31003.87
2023-07-04 14:03:50,31004.45,31003.76,31007.33,31004.68
2023-07-04 14:03:55,31005.22,31003.97,31008.58,31005.98
2023-07-04 14:04:00,31003.83,31002.74,31008.43,31004.88
2023-07-04 14:04:06,30995.85,30994.95,30999.71,30996.01
2023-07-04 14:04:11,30997.21,30996.29,31001.4,30997.0
2023-07-04 14:04:16,30994.37,30992.53,30999.48,30995.07
2023-07-04 14:04:21,30996.0,30995.35,31001.58,30996.45
2023-07-04 14:04:26,30996.9,30996.26,31001.53,30996.45
2023-07-04 14:04:32,30991.78,30991.23,30994.46,30990.68
2023-07-04 14:04:37,30992.61,30991.07,30995.8,30992.01
2023-07-04 14:04:42,30986.66,30985.8,30991.23,30988.31
2023-07-04 14:04:47,30984.96,30983.57,30990.14,30986.42
2023-07-04 14:04:52,30981.77,30981.11,30988.16,30983.04
2023-07-04 14:04:58,30987.05,30986.47,30992.3,30988.29
2023-07-04 14:05:04,30990.14,30988.27,30994.81,30992.0
2023-07-04 14:05:09,30991.87,30989.19,30995.49,30992.03
2023-07-04 14:05:14,30992.15,30990.7,30995.49,30990.65
2023-07-04 14:05:19,30992.34,30991.24,30996.15,30992.01
2023-07-04 14:05:24,30993.48,30992.34,30997.71,30993.17
2023-07-04 14:05:30,30993.23,30992.63,30997.13,30992.12
2023-07-04 14:05:35,30994.62,30994.48,30997.47,30992.12
2023-07-04 14:05:40,30997.2,30996.75,31000.21,30997.22
2023-07-04 14:05:45,31005.74,31004.16,31009.22,31006.06
2023-07-04 14:05:50,31008.2,31007.34,31012.75,31008.44
2023-07-04 14:05:56,31009.57,31006.26,31011.73,31008.02
2023-07-04 14:06:01,31010.31,31008.66,31013.86,31008.69
2023-07-04 14:06:06,31009.8,31009.14,31013.86,31009.65
2023-07-04 14:06:11,31013.56,31012.43,31016.33,31013.02
2023-07-04 14:06:16,31014.39,31013.38,31016.23,31012.87
2023-07-04 14:06:22,31019.57,31018.23,31022.12,31020.4
2023-07-04 14:06:27,31020.5,31019.89,31023.15,31019.46
2023-07-04 14:06:32,31022.86,31021.58,31025.94,31021.2
2023-07-04 14:06:37,31020.72,31020.01,31025.18,31021.2
2023-07-04 14:06:43,31023.27,31023.08,31027.59,31024.0
2023-07-04 14:06:48,31022.0,31021.04,31027.59,31024.0
2023-07-04 14:06:53,31023.65,31022.5,31029.37,31025.06
2023-07-04 14:06:58,31023.39,31022.36,31027.94,31022.93
2023-07-04 14:07:03,31023.17,31020.68,31026.25,31021.34
2023-07-04 14:07:09,31021.91,31020.67,31026.25,31021.61
2023-07-04 14:07:14,31020.07,31019.23,31024.39,31020.21
2023-07-04 14:07:19,31018.8,31017.65,31022.54,31019.24
2023-07-04 14:07:24,31019.15,31017.95,31021.38,31017.45
2023-07-04 14:07:30,31019.41,31018.46,31024.25,31018.82
2023-07-04 14:07:35,31019.4,31018.3,31023.13,31018.84
2023-07-04 14:07:40,31018.28,31017.14,31022.82,31018.84
2023-07-04 14:07:45,31019.43,31018.66,31022.83,31018.84
2023-07-04 14:07:51,31015.74,31013.86,31019.68,31014.43
2023-07-04 14:07:56,31011.58,31010.66,31013.91,31009.86
2023-07-04 14:08:01,31016.8,31016.08,31019.51,31016.78
2023-07-04 14:08:06,31019.33,31018.73,31020.5,31016.65
2023-07-04 14:08:11,31023.63,31023.29,31025.11,31022.01
2023-07-04 14:08:17,31022.73,31022.5,31025.1,31021.05
2023-07-04 14:08:22,31021.6,31020.66,31021.11,31017.67
2023-07-04 14:08:27,31022.2,31021.05,31021.11,31017.07
2023-07-04 14:08:32,31021.67,31020.41,31021.11,31017.23
2023-07-04 14:08:38,31021.64,31020.5,31021.11,31017.31
2023-07-04 14:08:43,31022.93,31022.48,31023.09,31018.72
2023-07-04 14:08:48,31023.18,31022.1,31023.7,31019.07
2023-07-04 14:08:53,31022.29,31020.98,31022.91,31018.05
2023-07-04 14:08:58,31030.44,31029.05,31032.99,31026.72
2023-07-04 14:09:04,31029.7,31028.34,31031.59,31026.76
2023-07-04 14:09:09,31031.67,31029.26,31033.8,31027.03
2023-07-04 14:09:14,31028.16,31026.79,31029.72,31025.32
2023-07-04 14:09:19,31028.22,31027.18,31030.01,31025.02
2023-07-04 14:09:25,31037.35,31035.77,31039.34,31035.63
2023-07-04 14:09:30,31030.89,31028.83,31031.38,31028.3
2023-07-04 14:09:35,31031.27,31030.4,31032.7,31028.3
2023-07-04 14:09:40,31032.89,31032.5,31034.7,31031.03
2023-07-04 14:09:45,31033.43,31032.96,31037.13,31033.13
2023-07-04 14:09:51,31033.17,31032.25,31035.8,31030.12
2023-07-04 14:09:56,31030.37,31029.02,31033.67,31028.3
2023-07-04 14:10:01,31030.22,31028.93,31032.22,31027.33
2023-07-04 14:10:07,31022.46,31021.11,31026.4,31023.13
2023-07-04 14:10:12,31022.5,31021.19,31026.41,31021.96
2023-07-04 14:10:17,31020.37,31018.87,31024.51,31019.85
2023-07-04 14:10:22,31020.16,31018.98,31024.51,31019.85
2023-07-04 14:10:28,31020.08,31019.33,31025.39,31021.73
2023-07-04 14:10:33,31019.9,31019.3,31025.39,31021.73
2023-07-04 14:10:38,31019.89,31018.84,31025.38,31021.3
2023-07-04 14:10:43,31021.49,31020.65,31025.98,31022.37
2023-07-04 14:10:48,31020.28,31019.42,31025.98,31022.3
2023-07-04 14:10:54,31021.08,31019.99,31025.98,31023.14
2023-07-04 14:10:59,31020.42,31019.85,31025.98,31023.14
2023-07-04 14:11:04,31022.01,31020.54,31025.83,31023.14
2023-07-04 14:11:09,31019.89,31018.72,31025.27,31020.42
2023-07-04 14:11:14,31017.16,31015.21,31023.29,31018.66
2023-07-04 14:11:20,31017.59,31016.32,31023.28,31018.55
2023-07-04 14:11:25,31013.63,31013.45,31017.98,31014.76
2023-07-04 14:11:30,31011.69,31010.53,31017.23,31013.08
2023-07-04 14:11:35,31009.85,31009.01,31015.96,31011.5
2023-07-04 14:11:41,31009.63,31008.76,31014.76,31010.29
2023-07-04 14:11:46,31009.47,31008.23,31014.74,31010.29
2023-07-04 14:11:51,31010.22,31009.03,31014.74,31010.29
2023-07-04 14:11:56,31009.3,31008.88,31014.72,31010.29
2023-07-04 14:12:02,31005.09,31004.12,31009.62,31005.14
2023-07-04 14:12:07,31005.31,31004.63,31009.62,31005.25
2023-07-04 14:12:12,31003.26,31001.86,31008.75,31004.47
2023-07-04 14:12:17,31002.86,31001.31,31007.06,31003.34
2023-07-04 14:12:22,31002.14,31001.43,31007.06,31003.34
2023-07-04 14:12:28,31002.85,31001.57,31007.06,31003.34
2023-07-04 14:12:33,31004.97,31003.88,31009.82,31006.39
2023-07-04 14:12:38,31003.62,31002.95,31009.8,31006.39
2023-07-04 14:12:43,31005.13,31004.13,31011.39,31006.91
2023-07-04 14:12:48,31006.96,31006.39,31011.39,31006.4
2023-07-04 14:12:54,31005.55,31004.01,31010.18,31006.37
2023-07-04 14:12:59,31004.52,31004.32,31010.18,31006.37
2023-07-04 14:13:04,31006.99,31005.96,31011.36,31006.55
2023-07-04 14:13:09,31006.27,31005.14,31011.54,31008.26
2023-07-04 14:13:15,31007.14,31005.42,31011.94,31008.26
2023-07-04 14:13:20,31007.99,31007.52,31013.1,31008.26
2023-07-04 14:13:25,31007.57,31006.25,31013.1,31008.26
2023-07-04 14:13:30,31007.73,31006.47,31013.07,31008.26
2023-07-04 14:13:35,31006.37,31005.78,31011.46,31008.25
2023-07-04 14:13:41,31007.25,31006.0,31011.81,31008.25
2023-07-04 14:13:46,31005.98,31004.95,31011.06,31008.25
2023-07-04 14:13:51,31006.79,31005.5,31011.6,31008.26
2023-07-04 14:13:56,31006.8,31005.94,31011.35,31007.47
2023-07-04 14:14:01,31006.0,31004.96,31011.71,31007.47
2023-07-04 14:14:07,31004.51,31004.01,31009.53,31005.0
2023-07-04 14:14:12,31005.34,31004.18,31008.62,31004.45
2023-07-04 14:14:17,31007.08,31005.76,31009.96,31006.04
2023-07-04 14:14:22,31005.73,31004.98,31009.92,31006.04
2023-07-04 14:14:27,31006.56,31005.65,31009.8,31007.05
2023-07-04 14:14:33,31005.81,31005.01,31010.65,31007.05
2023-07-04 14:14:38,31006.09,31005.48,31010.26,31007.05
2023-07-04 14:14:43,31006.33,31005.65,31010.24,31007.05
2023-07-04 14:14:48,31007.36,31006.29,31011.19,31007.06
2023-07-04 14:14:53,31008.47,31007.33,31011.17,31007.11
2023-07-04 14:14:59,31007.57,31005.77,31011.96,31007.06
2023-07-04 14:15:04,31007.29,31005.88,31010.07,31007.06
2023-07-04 14:15:09,31004.99,31004.46,31009.89,31003.13
2023-07-04 14:15:14,31006.38,31005.14,31009.57,31005.44
2023-07-04 14:15:20,31006.58,31005.44,31009.57,31004.58
2023-07-04 14:15:25,31007.54,31006.89,31010.83,31007.54
2023-07-04 14:15:30,31007.28,31006.5,31010.83,31007.54
2023-07-04 14:15:35,31007.89,31007.56,31010.83,31008.03
2023-07-04 14:15:40,31013.66,31012.98,31016.69,31013.66
2023-07-04 14:15:46,31014.15,31013.61,31017.7,31013.46
2023-07-04 14:15:51,31015.01,31014.18,31019.34,31014.32
2023-07-04 14:15:56,31014.85,31013.86,31017.53,31012.58
2023-07-04 14:16:01,31014.42,31013.24,31017.53,31012.62
2023-07-04 14:16:07,31013.8,31013.22,31017.84,31014.44
2023-07-04 14:16:12,31016.99,31015.5,31019.56,31016.36
2023-07-04 14:16:17,31015.98,31014.76,31021.36,31017.26
2023-07-04 14:16:22,31014.28,31013.28,31018.89,31014.59
2023-07-04 14:16:27,31015.31,31014.54,31019.19,31016.04
2023-07-04 14:16:33,31014.7,31013.49,31019.19,31016.04
2023-07-04 14:16:38,31013.97,31012.85,31015.56,31010.26
2023-07-04 14:16:43,31010.16,31009.4,31013.04,31008.81
2023-07-04 14:16:48,31013.78,31012.95,31017.72,31013.41
2023-07-04 14:16:53,31013.42,31013.36,31017.72,31012.73
2023-07-04 14:16:59,31014.24,31013.42,31017.73,31012.73
2023-07-04 14:17:04,31013.97,31012.89,31017.72,31013.82
2023-07-04 14:17:09,31014.39,31013.89,31017.72,31013.83
2023-07-04 14:17:14,31013.22,31012.89,31018.03,31013.83
2023-07-04 14:17:19,31014.86,31012.46,31017.75,31013.16
2023-07-04 14:17:25,31012.31,31011.72,31016.75,31013.01
2023-07-04 14:17:30,31012.91,31012.28,31016.75,31013.01
2023-07-04 14:17:35,31014.98,31013.75,31016.75,31013.02
2023-07-04 14:17:40,31012.6,31012.04,31016.64,31011.43
2023-07-04 14:17:45,31015.79,31014.29,31020.36,31016.62
2023-07-04 14:17:51,31018.0,31016.87,31021.07,31016.76
2023-07-04 14:17:56,31016.47,31016.17,31021.36,31017.47
2023-07-04 14:18:01,31015.47,31014.95,31019.31,31014.77
2023-07-04 14:18:06,31015.54,31015.3,31019.31,31016.32
2023-07-04 14:18:11,31015.31,31015.01,31019.31,31016.32
2023-07-04 14:18:17,31015.35,31015.05,31019.31,31016.0
2023-07-04 14:18:22,31015.11,31013.95,31019.31,31016.0
2023-07-04 14:18:27,31016.42,31015.58,31019.31,31015.27
2023-07-04 14:18:32,31016.9,31016.37,31019.31,31016.28
2023-07-04 14:18:38,31016.08,31015.07,31019.31,31014.96
2023-07-04 14:18:43,31015.88,31015.11,31018.43,31014.89
2023-07-04 14:18:48,31015.95,31015.14,31019.42,31014.83
2023-07-04 14:18:53,31019.22,31018.69,31022.89,31021.42
2023-07-04 14:18:58,31020.26,31019.43,31021.43,31018.09
2023-07-04 14:19:04,31012.85,31011.3,31017.96,31012.48
2023-07-04 14:19:09,31017.0,31016.15,31020.37,31014.78
2023-07-04 14:19:14,31014.5,31013.8,31019.09,31015.18
2023-07-04 14:19:19,31014.39,31013.17,31018.18,31013.48
2023-07-04 14:19:24,31013.86,31013.52,31018.18,31013.3
2023-07-04 14:19:30,31015.25,31014.14,31018.17,31013.74
2023-07-04 14:19:35,31014.41,31013.41,31018.17,31013.18
2023-07-04 14:19:40,31014.0,31013.34,31017.34,31013.45
2023-07-04 14:19:45,31014.71,31014.23,31017.34,31014.23
2023-07-04 14:19:50,31014.96,31013.91,31017.34,31014.23
2023-07-04 14:19:56,31014.85,31014.52,31017.35,31013.91
2023-07-04 14:20:01,31014.82,31013.95,31019.09,31014.65
2023-07-04 14:20:06,31014.26,31012.91,31019.2,31015.43
2023-07-04 14:20:11,31014.23,31014.07,31020.44,31015.43
2023-07-04 14:20:16,31015.52,31013.84,31019.14,31014.4
