timestamp,Bybit_SOLUSDC_bid,Bybit_SOLUSDC_ask,Bitget_SOLUSDTUMCBL_bid,Bitget_SOLUSDTUMCBL_ask
2023-08-09 12:34:53,24.84,24.87,24.8418,24.8464
2023-08-09 12:35:08,24.84,24.87,24.8379,24.838
2023-08-09 12:35:24,24.84,24.87,24.8409,24.844
2023-08-09 12:35:39,24.84,24.87,24.84,24.8401
2023-08-09 12:35:54,24.82,24.85,24.8208,24.8234
2023-08-09 12:36:09,24.81,24.84,24.8079,24.8115
2023-08-09 12:36:25,24.79,24.82,24.7859,24.7872
2023-08-09 12:36:40,24.79,24.82,24.7919,24.7954
2023-08-09 12:36:55,24.81,24.84,24.8099,24.81
2023-08-09 12:37:10,24.81,24.84,24.8148,24.818
2023-08-09 12:37:25,24.81,24.84,24.8114,24.8144
2023-08-09 12:37:41,24.81,24.83,24.8112,24.8154
2023-08-09 12:37:56,24.81,24.83,24.8049,24.8074
2023-08-09 12:38:11,24.84,24.87,24.8341,24.8374
2023-08-09 12:38:26,24.87,24.88,24.8692,24.8694
2023-08-09 12:38:42,24.87,24.9,24.8792,24.8793
2023-08-09 12:38:57,24.87,24.9,24.8738,24.8739
2023-08-09 12:39:12,24.88,24.9,24.8708,24.8729
2023-08-09 12:39:27,24.87,24.88,24.8588,24.86
2023-08-09 12:39:42,24.87,24.88,24.8528,24.8558
2023-08-09 12:39:58,24.87,24.88,24.8567,24.8568
2023-08-09 12:40:13,24.87,24.88,24.8488,24.8503
2023-08-09 12:40:28,24.85,24.87,24.8469,24.847
2023-08-09 12:40:43,24.86,24.88,24.8559,24.8578
2023-08-09 12:40:58,24.85,24.86,24.8351,24.8354
2023-08-09 12:41:14,24.85,24.87,24.8421,24.8451
2023-08-09 12:41:29,24.85,24.88,24.8498,24.8544
2023-08-09 12:41:44,24.86,24.89,24.8653,24.8654
2023-08-09 12:41:59,24.87,24.89,24.8779,24.8793
2023-08-09 12:42:14,24.88,24.9,24.8729,24.873
2023-08-09 12:42:30,24.86,24.89,24.8573,24.8592
2023-08-09 12:42:45,24.87,24.89,24.867,24.8671
2023-08-09 12:43:00,24.88,24.9,24.8691,24.8727
2023-08-09 12:43:15,24.88,24.9,24.8741,24.8774
2023-08-09 12:43:30,24.88,24.9,24.878,24.8781
2023-08-09 12:43:46,24.87,24.89,24.861,24.8643
2023-08-09 12:44:01,24.86,24.89,24.864,24.8671
2023-08-09 12:44:16,24.88,24.9,24.8753,24.8782
2023-08-09 12:44:31,24.86,24.89,24.855,24.8591
2023-08-09 12:44:46,24.86,24.89,24.856,24.8591
2023-08-09 12:45:02,24.86,24.89,24.855,24.8551
2023-08-09 12:45:17,24.89,24.91,24.8822,24.8864
2023-08-09 12:45:32,24.91,24.92,24.8932,24.8933
2023-08-09 12:45:47,24.9,24.92,24.8967,24.8968
2023-08-09 12:46:02,24.92,24.93,24.8999,24.9
2023-08-09 12:46:18,24.89,24.91,24.8789,24.8808
2023-08-09 12:46:33,24.84,24.88,24.8358,24.8403
2023-08-09 12:46:48,24.88,24.92,24.8819,24.8855
2023-08-09 12:47:03,24.93,24.96,24.9177,24.9183
2023-08-09 12:47:18,24.93,24.96,24.9207,24.9252
2023-08-09 12:47:34,24.92,24.96,24.9291,24.9298
2023-08-09 12:47:49,24.9,24.94,24.8947,24.8993
2023-08-09 12:48:04,24.9,24.93,24.8908,24.8943
2023-08-09 12:48:19,24.89,24.92,24.8792,24.8793
2023-08-09 12:48:34,24.89,24.92,24.876,24.8785
2023-08-09 12:48:50,24.88,24.91,24.8738,24.8762
2023-08-09 12:49:05,24.89,24.92,24.892,24.8963
2023-08-09 12:49:20,24.91,24.93,24.8968,24.9012
2023-08-09 12:49:35,24.91,24.94,24.9029,24.9044
2023-08-09 12:49:50,24.91,24.94,24.9021,24.9022
2023-08-09 12:50:06,24.91,24.94,24.8967,24.9007
2023-08-09 12:50:21,24.9,24.93,24.8997,24.9025
2023-08-09 12:50:36,24.9,24.93,24.8958,24.8981
2023-08-09 12:50:51,24.9,24.93,24.8948,24.8949
2023-08-09 12:51:07,24.91,24.94,24.8999,24.9
2023-08-09 12:51:22,24.91,24.95,24.9197,24.9206
2023-08-09 12:51:37,24.95,24.97,24.9477,24.9479
2023-08-09 12:51:52,24.92,24.95,24.9057,24.9058
2023-08-09 12:52:07,24.92,24.96,24.9207,24.9218
2023-08-09 12:52:23,24.93,24.96,24.9281,24.9312
2023-08-09 12:52:38,24.95,24.98,24.9438,24.9439
2023-08-09 12:52:53,24.94,24.98,24.9467,24.9482
2023-08-09 12:53:08,24.94,24.98,24.9417,24.9463
2023-08-09 12:53:23,24.95,24.98,24.9429,24.9473
2023-08-09 12:53:39,24.95,24.98,24.9481,24.9482
2023-08-09 12:53:54,24.93,24.97,24.9247,24.9248
2023-08-09 12:54:09,24.88,24.92,24.8748,24.8788
2023-08-09 12:54:24,24.91,24.94,24.9139,24.9148
2023-08-09 12:54:39,24.92,24.94,24.9125,24.9126
2023-08-09 12:54:55,24.91,24.94,24.9097,24.9118
2023-08-09 12:55:10,24.91,24.94,24.9151,24.9171
2023-08-09 12:55:25,24.88,24.92,24.8778,24.8779
2023-08-09 12:55:40,24.87,24.89,24.8654,24.8655
2023-08-09 12:55:55,24.86,24.89,24.8612,24.8613
2023-08-09 12:56:11,24.89,24.92,24.8957,24.9003
2023-08-09 12:56:26,24.9,24.93,24.8965,24.8966
2023-08-09 12:56:41,24.9,24.94,24.8968,24.9013
2023-08-09 12:56:56,24.9,24.94,24.9051,24.9082
2023-08-09 12:57:11,24.92,24.95,24.928,24.9322
2023-08-09 12:57:27,24.92,24.95,24.9177,24.9178
2023-08-09 12:57:42,24.92,24.95,24.92,24.9201
2023-08-09 12:57:57,24.93,24.95,24.92,24.9201
2023-08-09 12:58:12,24.95,24.98,24.92,24.9201
2023-08-09 12:58:27,24.94,24.97,24.9367,24.9372
2023-08-09 12:58:43,24.93,24.97,24.9318,24.9319
2023-08-09 12:58:58,24.93,24.97,24.9338,24.9373
2023-08-09 12:59:13,24.95,24.97,24.9441,24.9453
2023-08-09 12:59:28,24.94,24.97,24.9499,24.95
2023-08-09 12:59:43,24.94,24.96,24.9287,24.9288
2023-08-09 12:59:59,24.92,24.95,24.917,24.9209
2023-08-09 13:00:14,24.93,24.96,24.93,24.9338
2023-08-09 13:00:29,24.93,24.96,24.9318,24.9352
2023-08-09 13:00:44,24.94,24.97,24.9361,24.9362
2023-08-09 13:01:00,24.95,24.98,24.9547,24.957
2023-08-09 13:01:15,24.92,24.95,24.9229,24.9253
2023-08-09 13:01:30,24.91,24.94,24.9077,24.9084
2023-08-09 13:01:45,24.86,24.87,24.8493,24.8499
2023-08-09 13:02:01,24.85,24.89,24.8514,24.8515
2023-08-09 13:02:16,24.86,24.89,24.8528,24.8573
2023-08-09 13:02:31,24.85,24.88,24.8493,24.85
2023-08-09 13:02:46,24.85,24.89,24.8499,24.8544
2023-08-09 13:03:01,24.83,24.86,24.8236,24.8274
2023-08-09 13:03:17,24.8,24.83,24.7801,24.7843
2023-08-09 13:03:32,24.77,24.79,24.7649,24.7693
2023-08-09 13:03:47,24.79,24.81,24.7812,24.7833
2023-08-09 13:04:02,24.79,24.82,24.786,24.789
2023-08-09 13:04:17,24.79,24.81,24.7822,24.7833
2023-08-09 13:04:33,24.78,24.79,24.7659,24.7703
2023-08-09 13:04:48,24.79,24.82,24.7889,24.7933
2023-08-09 13:05:03,24.78,24.8,24.7732,24.7733
2023-08-09 13:05:22,24.79,24.83,24.806,24.8093
2023-08-09 13:05:37,24.78,24.81,24.7728,24.7753
2023-08-09 13:05:53,24.8,24.83,24.7962,24.8003
2023-08-09 13:06:09,24.84,24.87,24.8352,24.8374
2023-08-09 13:06:24,24.82,24.84,24.8089,24.8133
2023-08-09 13:06:39,24.82,24.84,24.8219,24.8234
2023-08-09 13:06:54,24.83,24.84,24.8173,24.8185
2023-08-09 13:07:10,24.81,24.83,24.8068,24.8079
2023-08-09 13:07:25,24.81,24.84,24.8118,24.8119
2023-08-09 13:07:40,24.84,24.86,24.8326,24.8327
2023-08-09 13:07:55,24.8,24.83,24.8001,24.8002
2023-08-09 13:08:10,24.76,24.79,24.7701,24.7702
2023-08-09 13:08:26,24.75,24.79,24.7557,24.7593
2023-08-09 13:08:41,24.78,24.81,24.7809,24.781
2023-08-09 13:08:56,24.77,24.79,24.7699,24.77
2023-08-09 13:09:11,24.78,24.81,24.7915,24.7954
2023-08-09 13:09:26,24.79,24.81,24.7898,24.7905
2023-08-09 13:09:41,24.76,24.79,24.7683,24.7684
2023-08-09 13:09:57,24.77,24.8,24.786,24.7888
2023-08-09 13:10:12,24.79,24.82,24.7999,24.8
2023-08-09 13:10:27,24.79,24.81,24.7979,24.8019
2023-08-09 13:10:42,24.79,24.82,24.7938,24.7966
2023-08-09 13:10:57,24.79,24.82,24.8061,24.8078
2023-08-09 13:11:13,24.79,24.82,24.8068,24.8069
2023-08-09 13:11:28,24.79,24.82,24.7998,24.7999
2023-08-09 13:11:43,24.8,24.82,24.8059,24.806
2023-08-09 13:11:58,24.79,24.81,24.7938,24.7968
2023-08-09 13:12:14,24.78,24.79,24.7786,24.7787
2023-08-09 13:12:29,24.78,24.81,24.7849,24.785
2023-08-09 13:12:44,24.79,24.81,24.7934,24.7971
2023-08-09 13:12:59,24.77,24.8,24.7809,24.7821
2023-08-09 13:13:14,24.76,24.78,24.7683,24.7684
2023-08-09 13:13:30,24.75,24.78,24.7587,24.7621
2023-08-09 13:13:45,24.75,24.78,24.7609,24.7653
2023-08-09 13:14:00,24.75,24.78,24.7554,24.7555
2023-08-09 13:14:15,24.75,24.78,24.7556,24.7557
2023-08-09 13:14:30,24.73,24.76,24.7362,24.7363
2023-08-09 13:14:46,24.73,24.76,24.7329,24.7343
2023-08-09 13:15:01,24.73,24.76,24.7362,24.7363
2023-08-09 13:15:16,24.73,24.76,24.7452,24.7463
2023-08-09 13:15:31,24.71,24.74,24.7203,24.7218
2023-08-09 13:15:46,24.71,24.73,24.72,24.7201
2023-08-09 13:16:02,24.71,24.74,24.7203,24.7204
2023-08-09 13:16:17,24.71,24.74,24.7257,24.7289
2023-08-09 13:16:32,24.72,24.74,24.7397,24.7398
2023-08-09 13:16:47,24.73,24.77,24.7452,24.7483
2023-08-09 13:17:02,24.75,24.77,24.7602,24.7603
2023-08-09 13:17:18,24.75,24.77,24.7532,24.7533
2023-08-09 13:17:33,24.75,24.77,24.7536,24.755
2023-08-09 13:17:48,24.75,24.78,24.7612,24.7613
2023-08-09 13:18:03,24.76,24.78,24.7682,24.7683
2023-08-09 13:18:19,24.74,24.78,24.7515,24.7529
2023-08-09 13:18:34,24.74,24.77,24.7451,24.7452
2023-08-09 13:18:49,24.74,24.77,24.7507,24.7508
2023-08-09 13:19:04,24.74,24.77,24.747,24.7499
2023-08-09 13:19:19,24.74,24.76,24.7451,24.7452
2023-08-09 13:19:35,24.74,24.77,24.7467,24.7482
2023-08-09 13:19:50,24.74,24.78,24.7524,24.7525
2023-08-09 13:20:05,24.77,24.78,24.7744,24.7778
2023-08-09 13:20:20,24.78,24.81,24.7953,24.7963
2023-08-09 13:20:36,24.79,24.81,24.7932,24.7971
2023-08-09 13:20:51,24.78,24.81,24.7994,24.7995
2023-08-09 13:21:06,24.78,24.8,24.795,24.7951
2023-08-09 13:21:21,24.77,24.79,24.77,24.774
2023-08-09 13:21:36,24.76,24.78,24.7719,24.7761
2023-08-09 13:21:52,24.75,24.77,24.753,24.7573
2023-08-09 13:22:07,24.73,24.76,24.7451,24.7452
2023-08-09 13:22:22,24.73,24.76,24.7334,24.7335
2023-08-09 13:22:37,24.73,24.76,24.7422,24.7462
2023-08-09 13:22:52,24.74,24.77,24.7482,24.7503
2023-08-09 13:23:08,24.75,24.78,24.7541,24.7583
2023-08-09 13:23:23,24.77,24.79,24.7659,24.7703
2023-08-09 13:23:38,24.77,24.81,24.7871,24.7903
2023-08-09 13:23:53,24.78,24.81,24.7958,24.7992
2023-08-09 13:24:08,24.8,24.84,24.8162,24.8194
2023-08-09 13:24:24,24.79,24.82,24.7961,24.8003
2023-08-09 13:24:39,24.79,24.82,24.8063,24.8103
2023-08-09 13:24:54,24.79,24.82,24.8088,24.8131
2023-08-09 13:25:09,24.77,24.78,24.777,24.7771
2023-08-09 13:25:25,24.77,24.79,24.777,24.781
2023-08-09 13:25:40,24.77,24.79,24.7749,24.7772
2023-08-09 13:25:55,24.77,24.79,24.7811,24.7849
2023-08-09 13:26:10,24.8,24.81,24.8002,24.8044
2023-08-09 13:26:25,24.8,24.82,24.8099,24.81
2023-08-09 13:26:41,24.8,24.82,24.8118,24.812
2023-08-09 13:26:56,24.81,24.83,24.8127,24.8128
2023-08-09 13:27:11,24.81,24.83,24.8173,24.8198
2023-08-09 13:27:26,24.8,24.82,24.8068,24.8099
2023-08-09 13:27:41,24.81,24.83,24.8199,24.82
2023-08-09 13:27:57,24.82,24.84,24.8258,24.8259
2023-08-09 13:28:12,24.82,24.85,24.8331,24.8364
2023-08-09 13:28:27,24.82,24.85,24.8288,24.8309
2023-08-09 13:28:42,24.82,24.85,24.8299,24.8318
2023-08-09 13:28:57,24.81,24.84,24.8181,24.8182
2023-08-09 13:29:13,24.8,24.82,24.8078,24.8079
2023-08-09 13:29:28,24.8,24.81,24.8058,24.8059
2023-08-09 13:29:43,24.8,24.82,24.8125,24.8126
2023-08-09 13:29:58,24.81,24.84,24.8173,24.8174
2023-08-09 13:30:14,24.81,24.83,24.8208,24.8216
2023-08-09 13:30:29,24.8,24.82,24.7994,24.8002
2023-08-09 13:30:44,24.8,24.82,24.7988,24.7989
2023-08-09 13:30:59,24.81,24.82,24.8093,24.8094
2023-08-09 13:31:14,24.82,24.83,24.819,24.8234
2023-08-09 13:31:30,24.83,24.85,24.8345,24.8374
2023-08-09 13:31:45,24.82,24.84,24.8281,24.8312
2023-08-09 13:32:00,24.81,24.84,24.8158,24.8159
2023-08-09 13:32:15,24.82,24.84,24.824,24.8272
2023-08-09 13:32:30,24.81,24.84,24.813,24.8173
2023-08-09 13:32:45,24.81,24.83,24.8098,24.8118
2023-08-09 13:33:01,24.78,24.81,24.7869,24.7899
2023-08-09 13:33:16,24.76,24.79,24.7671,24.7713
2023-08-09 13:33:31,24.75,24.77,24.744,24.7471
2023-08-09 13:33:46,24.75,24.77,24.7419,24.7451
2023-08-09 13:34:02,24.74,24.75,24.735,24.7351
2023-08-09 13:34:17,24.74,24.77,24.7519,24.7523
2023-08-09 13:34:32,24.74,24.78,24.7532,24.7533
2023-08-09 13:34:47,24.76,24.78,24.7662,24.7663
2023-08-09 13:35:02,24.77,24.8,24.7653,24.7693
2023-08-09 13:35:18,24.77,24.8,24.7752,24.7753
2023-08-09 13:35:33,24.77,24.8,24.7672,24.7673
2023-08-09 13:35:48,24.78,24.81,24.7952,24.7953
2023-08-09 13:36:03,24.8,24.82,24.7995,24.8004
2023-08-09 13:36:18,24.78,24.81,24.7857,24.7873
2023-08-09 13:36:34,24.78,24.81,24.7863,24.7883
2023-08-09 13:36:49,24.78,24.81,24.7915,24.7916
2023-08-09 13:37:04,24.78,24.81,24.7896,24.7913
2023-08-09 13:37:19,24.8,24.83,24.799,24.8022
2023-08-09 13:37:34,24.8,24.83,24.8097,24.8124
2023-08-09 13:37:50,24.79,24.81,24.7904,24.7929
2023-08-09 13:38:05,24.78,24.8,24.7793,24.7813
2023-08-09 13:38:20,24.8,24.82,24.786,24.7903
2023-08-09 13:38:35,24.79,24.8,24.7795,24.782
2023-08-09 13:38:50,24.73,24.76,24.7328,24.7329
2023-08-09 13:39:06,24.73,24.77,24.7392,24.7393
2023-08-09 13:39:21,24.72,24.76,24.7233,24.7239
2023-08-09 13:39:36,24.71,24.73,24.7003,24.7019
2023-08-09 13:39:51,24.67,24.69,24.6673,24.6694
2023-08-09 13:40:07,24.68,24.71,24.677,24.6814
2023-08-09 13:40:22,24.71,24.73,24.7099,24.7142
2023-08-09 13:40:37,24.74,24.75,24.7289,24.7333
2023-08-09 13:40:52,24.73,24.76,24.7319,24.7343
2023-08-09 13:41:07,24.73,24.76,24.7295,24.7333
2023-08-09 13:41:23,24.77,24.79,24.7772,24.7773
2023-08-09 13:41:38,24.78,24.8,24.7882,24.7883
2023-08-09 13:41:53,24.78,24.8,24.7769,24.777
2023-08-09 13:42:08,24.78,24.8,24.7902,24.7903
2023-08-09 13:42:23,24.8,24.82,24.7972,24.7973
2023-08-09 13:42:39,24.79,24.83,24.8079,24.8124
2023-08-09 13:42:54,24.83,24.85,24.8188,24.8234
2023-08-09 13:43:09,24.82,24.85,24.8282,24.8283
2023-08-09 13:43:24,24.87,24.89,24.8748,24.8794
2023-08-09 13:43:40,24.9,24.92,24.9112,24.9113
2023-08-09 13:43:55,24.91,24.93,24.9168,24.9192
2023-08-09 13:44:10,24.88,24.9,24.8769,24.8814
2023-08-09 13:44:25,24.86,24.88,24.8578,24.8634
2023-08-09 13:44:40,24.85,24.87,24.8403,24.8444
2023-08-09 13:44:56,24.87,24.89,24.8629,24.863
2023-08-09 13:45:11,24.87,24.89,24.874,24.8783
2023-08-09 13:45:26,24.89,24.9,24.8818,24.8861
2023-08-09 13:45:41,24.86,24.87,24.8586,24.861
2023-08-09 13:45:56,24.85,24.87,24.848,24.8522
2023-08-09 13:46:12,24.84,24.86,24.8422,24.8444
2023-08-09 13:46:27,24.87,24.88,24.8703,24.8734
2023-08-09 13:46:42,24.87,24.89,24.8699,24.8734
2023-08-09 13:46:58,24.87,24.89,24.8727,24.8728
2023-08-09 13:47:13,24.85,24.87,24.8458,24.8493
2023-08-09 13:47:28,24.85,24.86,24.8468,24.848
2023-08-09 13:47:43,24.85,24.86,24.8414,24.8443
2023-08-09 13:47:59,24.85,24.86,24.8408,24.8454
2023-08-09 13:48:14,24.84,24.85,24.83,24.8324
2023-08-09 13:48:29,24.84,24.85,24.83,24.8324
2023-08-09 13:48:44,24.83,24.85,24.82,24.8234
2023-08-09 13:48:59,24.82,24.84,24.8239,24.8284
2023-08-09 13:49:15,24.8,24.82,24.7988,24.803
2023-08-09 13:49:30,24.78,24.79,24.775,24.7783
2023-08-09 13:49:45,24.8,24.81,24.7887,24.79
2023-08-09 13:50:00,24.79,24.81,24.787,24.7912
2023-08-09 13:50:15,24.8,24.82,24.7993,24.8023
2023-08-09 13:50:31,24.81,24.83,24.8099,24.8135
2023-08-09 13:50:46,24.79,24.8,24.7819,24.7863
2023-08-09 13:51:01,24.78,24.79,24.7713,24.7747
2023-08-09 13:51:16,24.78,24.79,24.7699,24.7739
2023-08-09 13:51:31,24.78,24.79,24.7695,24.7733
2023-08-09 13:51:47,24.78,24.8,24.777,24.7813
2023-08-09 13:52:02,24.78,24.79,24.7689,24.7733
2023-08-09 13:52:17,24.77,24.79,24.7639,24.7683
2023-08-09 13:52:32,24.76,24.78,24.759,24.7591
2023-08-09 13:52:47,24.74,24.75,24.736,24.7361
2023-08-09 13:53:03,24.75,24.77,24.7459,24.7503
2023-08-09 13:53:18,24.77,24.78,24.7542,24.7573
2023-08-09 13:53:33,24.75,24.76,24.74,24.7413
2023-08-09 13:53:48,24.75,24.76,24.738,24.7417
2023-08-09 13:54:03,24.75,24.77,24.7411,24.7412
2023-08-09 13:54:19,24.74,24.76,24.737,24.7404
2023-08-09 13:54:34,24.74,24.75,24.7306,24.7307
2023-08-09 13:54:49,24.74,24.75,24.7269,24.7279
2023-08-09 13:55:04,24.72,24.73,24.7235,24.7253
2023-08-09 13:55:20,24.68,24.7,24.6841,24.6863
2023-08-09 13:55:35,24.7,24.72,24.6982,24.6983
2023-08-09 13:55:50,24.71,24.73,24.7079,24.7123
2023-08-09 13:56:05,24.72,24.74,24.7231,24.7262
2023-08-09 13:56:20,24.72,24.74,24.7162,24.7172
2023-08-09 13:56:36,24.72,24.74,24.718,24.722
2023-08-09 13:56:51,24.73,24.76,24.7351,24.7363
2023-08-09 13:57:06,24.73,24.75,24.7284,24.7285
2023-08-09 13:57:21,24.73,24.75,24.7284,24.7285
2023-08-09 13:57:36,24.75,24.76,24.7369,24.7412
2023-08-09 13:57:52,24.74,24.76,24.7352,24.7392
2023-08-09 13:58:07,24.72,24.75,24.7239,24.7253
2023-08-09 13:58:22,24.72,24.74,24.7169,24.7201
2023-08-09 13:58:37,24.71,24.73,24.7118,24.7119
2023-08-09 13:58:52,24.7,24.72,24.7,24.7001
2023-08-09 13:59:08,24.7,24.72,24.6939,24.6977
2023-08-09 13:59:23,24.69,24.71,24.693,24.6931
2023-08-09 13:59:38,24.71,24.73,24.7043,24.7053
2023-08-09 13:59:53,24.71,24.72,24.6987,24.7027
2023-08-09 14:00:08,24.68,24.7,24.685,24.6892
2023-08-09 14:00:24,24.68,24.7,24.6793,24.6832
2023-08-09 14:00:39,24.7,24.72,24.6952,24.6979
2023-08-09 14:00:54,24.71,24.73,24.7182,24.7183
2023-08-09 14:01:09,24.74,24.75,24.7309,24.731
2023-08-09 14:01:24,24.73,24.75,24.7309,24.731
2023-08-09 14:01:40,24.74,24.75,24.7309,24.731
2023-08-09 14:01:55,24.73,24.74,24.7309,24.731
2023-08-09 14:02:10,24.74,24.76,24.7308,24.7309
2023-08-09 14:02:25,24.73,24.75,24.7299,24.7306
2023-08-09 14:02:40,24.74,24.75,24.735,24.7379
2023-08-09 14:02:56,24.74,24.76,24.7427,24.7462
2023-08-09 14:03:11,24.75,24.76,24.7483,24.7498
2023-08-09 14:03:26,24.76,24.77,24.7555,24.7556
2023-08-09 14:03:41,24.76,24.78,24.7555,24.7556
2023-08-09 14:03:56,24.77,24.79,24.7839,24.784
2023-08-09 14:04:12,24.76,24.79,24.7669,24.767
2023-08-09 14:04:27,24.76,24.78,24.7619,24.7621
2023-08-09 14:04:42,24.75,24.76,24.7619,24.7662
2023-08-09 14:04:57,24.76,24.79,24.7669,24.767
2023-08-09 14:05:12,24.77,24.79,24.7699,24.77
2023-08-09 14:05:28,24.77,24.79,24.77,24.7701
2023-08-09 14:05:43,24.74,24.76,24.7449,24.7474
2023-08-09 14:05:58,24.73,24.75,24.7318,24.7319
2023-08-09 14:06:13,24.76,24.77,24.7589,24.7633
2023-08-09 14:06:28,24.75,24.77,24.7579,24.758
2023-08-09 14:06:44,24.74,24.76,24.7449,24.746
2023-08-09 14:06:59,24.73,24.74,24.7309,24.7332
2023-08-09 14:07:14,24.72,24.74,24.7219,24.722
2023-08-09 14:07:29,24.7,24.73,24.7092,24.71
2023-08-09 14:07:45,24.7,24.71,24.6989,24.7021
2023-08-09 14:08:00,24.73,24.75,24.7259,24.7282
2023-08-09 14:08:15,24.72,24.73,24.7241,24.7242
2023-08-09 14:08:30,24.7,24.72,24.7061,24.709
2023-08-09 14:08:45,24.68,24.69,24.6795,24.6801
2023-08-09 14:09:01,24.67,24.69,24.671,24.6711
2023-08-09 14:09:16,24.69,24.71,24.686,24.6871
2023-08-09 14:09:31,24.62,24.63,24.6316,24.6317
2023-08-09 14:09:47,24.6,24.61,24.5964,24.5974
2023-08-09 14:10:02,24.59,24.6,24.592,24.5964
2023-08-09 14:10:17,24.59,24.62,24.603,24.6053
2023-08-09 14:10:32,24.59,24.62,24.5959,24.5973
2023-08-09 14:10:47,24.61,24.62,24.614,24.6173
2023-08-09 14:11:03,24.61,24.64,24.6173,24.6174
2023-08-09 14:11:18,24.61,24.64,24.6201,24.6202
2023-08-09 14:11:33,24.61,24.64,24.6108,24.6109
2023-08-09 14:11:48,24.63,24.65,24.6408,24.6413
2023-08-09 14:12:03,24.61,24.65,24.6221,24.6255
2023-08-09 14:12:19,24.63,24.66,24.639,24.641
2023-08-09 14:12:34,24.65,24.67,24.6482,24.6523
2023-08-09 14:12:49,24.62,24.64,24.6241,24.6273
2023-08-09 14:13:05,24.62,24.63,24.606,24.6061
2023-08-09 14:13:20,24.6,24.61,24.6,24.6001
2023-08-09 14:13:35,24.59,24.62,24.6014,24.6034
2023-08-09 14:13:50,24.59,24.62,24.5924,24.5934
2023-08-09 14:14:05,24.61,24.63,24.6196,24.6197
2023-08-09 14:14:21,24.6,24.62,24.6027,24.6058
2023-08-09 14:14:36,24.6,24.63,24.6129,24.613
2023-08-09 14:14:51,24.61,24.64,24.6161,24.6184
2023-08-09 14:15:06,24.62,24.64,24.617,24.6214
2023-08-09 14:15:21,24.6,24.62,24.5966,24.6004
2023-08-09 14:15:37,24.63,24.66,24.6372,24.6394
2023-08-09 14:15:52,24.65,24.68,24.6542,24.6574
2023-08-09 14:16:07,24.65,24.67,24.6471,24.6513
2023-08-09 14:16:22,24.65,24.68,24.6529,24.653
2023-08-09 14:16:37,24.67,24.68,24.6701,24.6732
2023-08-09 14:16:53,24.66,24.69,24.6753,24.6754
2023-08-09 14:17:08,24.66,24.69,24.673,24.6731
2023-08-09 14:17:23,24.67,24.69,24.67,24.6701
2023-08-09 14:17:38,24.65,24.68,24.6562,24.6599
2023-08-09 14:17:54,24.65,24.68,24.6492,24.6513
2023-08-09 14:18:09,24.65,24.68,24.649,24.6533
2023-08-09 14:18:24,24.67,24.69,24.6771,24.6794
2023-08-09 14:18:39,24.66,24.68,24.662,24.6651
2023-08-09 14:18:54,24.63,24.65,24.637,24.6394
2023-08-09 14:19:10,24.62,24.65,24.6263,24.6305
2023-08-09 14:19:25,24.64,24.65,24.645,24.648
2023-08-09 14:19:40,24.62,24.65,24.629,24.6303
2023-08-09 14:19:55,24.6,24.63,24.607,24.6114
2023-08-09 14:20:10,24.6,24.62,24.597,24.6
2023-08-09 14:20:25,24.6,24.61,24.5961,24.5983
2023-08-09 14:20:41,24.58,24.6,24.5818,24.5819
2023-08-09 14:20:56,24.58,24.6,24.5908,24.5909
2023-08-09 14:21:11,24.58,24.6,24.588,24.5901
2023-08-09 14:21:26,24.62,24.64,24.622,24.6236
2023-08-09 14:21:41,24.62,24.65,24.6299,24.63
2023-08-09 14:21:57,24.61,24.63,24.614,24.6169
2023-08-09 14:22:12,24.61,24.64,24.618,24.6201
2023-08-09 14:22:27,24.63,24.65,24.6359,24.636
2023-08-09 14:22:42,24.64,24.66,24.641,24.6454
2023-08-09 14:22:58,24.65,24.67,24.6601,24.6633
2023-08-09 14:23:13,24.64,24.67,24.6433,24.6462
2023-08-09 14:23:28,24.62,24.65,24.624,24.6273
2023-08-09 14:23:43,24.62,24.65,24.6161,24.6204
2023-08-09 14:23:58,24.62,24.65,24.628,24.6308
2023-08-09 14:24:14,24.62,24.65,24.6262,24.6294
2023-08-09 14:24:29,24.62,24.65,24.6311,24.6354
2023-08-09 14:24:44,24.63,24.66,24.636,24.6374
2023-08-09 14:24:59,24.63,24.66,24.6483,24.6514
2023-08-09 14:25:14,24.65,24.67,24.6632,24.6674
2023-08-09 14:25:30,24.67,24.68,24.6688,24.6689
2023-08-09 14:25:45,24.66,24.7,24.677,24.6814
2023-08-09 14:26:00,24.67,24.7,24.678,24.6816
2023-08-09 14:26:15,24.67,24.69,24.6724,24.6752
2023-08-09 14:26:30,24.66,24.69,24.6712,24.6713
2023-08-09 14:26:46,24.66,24.69,24.672,24.6721
2023-08-09 14:27:01,24.66,24.7,24.6785,24.681
2023-08-09 14:27:16,24.66,24.7,24.6767,24.6768
2023-08-09 14:27:31,24.67,24.7,24.6767,24.6768
2023-08-09 14:27:46,24.67,24.69,24.669,24.6691
2023-08-09 14:28:02,24.67,24.69,24.669,24.6691
2023-08-09 14:28:17,24.66,24.69,24.6663,24.6664
2023-08-09 14:28:32,24.66,24.69,24.671,24.6711
2023-08-09 14:28:47,24.66,24.69,24.677,24.6803
2023-08-09 14:29:03,24.66,24.7,24.6771,24.6813
2023-08-09 14:29:18,24.68,24.7,24.683,24.6871
2023-08-09 14:29:33,24.68,24.71,24.694,24.6943
2023-08-09 14:29:48,24.68,24.71,24.6972,24.6973
2023-08-09 14:30:03,24.68,24.71,24.6937,24.6938
2023-08-09 14:30:19,24.68,24.71,24.6962,24.6963
2023-08-09 14:30:34,24.68,24.71,24.6962,24.6973
2023-08-09 14:30:49,24.7,24.72,24.7013,24.7042
2023-08-09 14:31:04,24.7,24.72,24.706,24.7061
2023-08-09 14:31:19,24.71,24.73,24.7202,24.7227
2023-08-09 14:31:35,24.71,24.73,24.7212,24.7213
2023-08-09 14:31:50,24.71,24.74,24.7239,24.7242
2023-08-09 14:32:05,24.72,24.75,24.726,24.7261
2023-08-09 14:32:20,24.71,24.74,24.726,24.7261
2023-08-09 14:32:36,24.7,24.72,24.7008,24.7011
2023-08-09 14:32:51,24.7,24.72,24.7019,24.702
2023-08-09 14:33:06,24.71,24.73,24.7138,24.7139
2023-08-09 14:33:21,24.72,24.73,24.7332,24.7353
2023-08-09 14:33:36,24.72,24.76,24.7409,24.7433
2023-08-09 14:33:51,24.74,24.77,24.7532,24.7533
2023-08-09 14:34:07,24.74,24.77,24.7481,24.7509
2023-08-09 14:34:22,24.74,24.77,24.7441,24.7479
2023-08-09 14:34:37,24.76,24.79,24.7729,24.7731
2023-08-09 14:34:52,24.76,24.79,24.7699,24.77
2023-08-09 14:35:08,24.75,24.78,24.7659,24.7698
2023-08-09 14:35:23,24.75,24.78,24.7571,24.7597
2023-08-09 14:35:38,24.75,24.77,24.756,24.7567
2023-08-09 14:35:53,24.74,24.76,24.7431,24.7463
2023-08-09 14:36:08,24.73,24.76,24.733,24.7367
2023-08-09 14:36:24,24.73,24.76,24.7402,24.7403
2023-08-09 14:36:39,24.74,24.76,24.7409,24.745
2023-08-09 14:36:54,24.73,24.76,24.7399,24.7446
2023-08-09 14:37:09,24.73,24.76,24.7433,24.7448
2023-08-09 14:37:24,24.75,24.78,24.7532,24.7569
2023-08-09 14:37:40,24.74,24.77,24.7456,24.7475
2023-08-09 14:37:55,24.73,24.75,24.74,24.7422
2023-08-09 14:38:10,24.73,24.76,24.7337,24.7371
2023-08-09 14:38:25,24.77,24.79,24.7628,24.7663
2023-08-09 14:38:40,24.75,24.77,24.7417,24.7419
2023-08-09 14:38:56,24.75,24.77,24.7439,24.7481
2023-08-09 14:39:11,24.75,24.76,24.7299,24.73
2023-08-09 14:39:26,24.72,24.75,24.7279,24.728
2023-08-09 14:39:41,24.72,24.75,24.7179,24.718
2023-08-09 14:39:56,24.72,24.75,24.7244,24.7272
2023-08-09 14:40:12,24.72,24.74,24.7145,24.7146
2023-08-09 14:40:27,24.7,24.73,24.707,24.7098
2023-08-09 14:40:42,24.7,24.73,24.706,24.7061
2023-08-09 14:40:57,24.72,24.74,24.7183,24.7209
2023-08-09 14:41:13,24.71,24.73,24.7059,24.706
2023-08-09 14:41:28,24.71,24.73,24.709,24.7095
2023-08-09 14:41:43,24.71,24.73,24.7072,24.7119
2023-08-09 14:41:58,24.71,24.74,24.7154,24.7155
2023-08-09 14:42:13,24.71,24.73,24.7081,24.7091
2023-08-09 14:42:29,24.69,24.72,24.6982,24.6983
2023-08-09 14:42:44,24.68,24.7,24.6855,24.6881
2023-08-09 14:42:59,24.68,24.7,24.6764,24.6773
2023-08-09 14:43:14,24.68,24.7,24.6793,24.6814
2023-08-09 14:43:29,24.68,24.7,24.6726,24.6727
2023-08-09 14:43:44,24.68,24.7,24.6726,24.6727
2023-08-09 14:44:00,24.68,24.69,24.6726,24.6727
2023-08-09 14:44:15,24.68,24.69,24.6726,24.6727
2023-08-09 14:44:30,24.64,24.67,24.6522,24.6523
2023-08-09 14:44:45,24.66,24.68,24.66,24.6633
2023-08-09 14:45:00,24.66,24.68,24.6683,24.6702
2023-08-09 14:45:16,24.66,24.68,24.6522,24.653
2023-08-09 14:45:31,24.64,24.67,24.6543,24.6583
2023-08-09 14:45:46,24.65,24.68,24.657,24.6592
2023-08-09 14:46:01,24.67,24.68,24.6705,24.6734
2023-08-09 14:46:16,24.67,24.68,24.6811,24.6812
2023-08-09 14:46:32,24.7,24.73,24.7002,24.7043
2023-08-09 14:46:47,24.7,24.73,24.706,24.7061
2023-08-09 14:47:02,24.69,24.72,24.698,24.7021
2023-08-09 14:47:17,24.69,24.72,24.7042,24.7053
2023-08-09 14:47:32,24.69,24.71,24.69,24.6943
2023-08-09 14:47:48,24.69,24.71,24.6963,24.6964
2023-08-09 14:48:03,24.69,24.71,24.7004,24.7043
2023-08-09 14:48:18,24.69,24.71,24.6992,24.6999
2023-08-09 14:48:33,24.7,24.73,24.7103,24.7133
2023-08-09 14:48:48,24.7,24.73,24.7025,24.7053
2023-08-09 14:49:04,24.7,24.73,24.7029,24.703
2023-08-09 14:49:19,24.71,24.73,24.7061,24.7103
2023-08-09 14:49:34,24.7,24.71,24.6951,24.6992
2023-08-09 14:49:49,24.66,24.68,24.6601,24.6623
2023-08-09 14:50:05,24.63,24.66,24.6338,24.6364
2023-08-09 14:50:20,24.66,24.67,24.65,24.6542
2023-08-09 14:50:35,24.65,24.67,24.6552,24.6564
2023-08-09 14:50:50,24.65,24.66,24.6451,24.6452
2023-08-09 14:51:05,24.63,24.64,24.6402,24.6403
2023-08-09 14:51:21,24.62,24.64,24.6251,24.6252
2023-08-09 14:51:36,24.62,24.63,24.6243,24.6244
2023-08-09 14:51:51,24.62,24.64,24.6193,24.6194
2023-08-09 14:52:06,24.61,24.63,24.605,24.6094
2023-08-09 14:52:21,24.6,24.61,24.6007,24.6008
2023-08-09 14:52:37,24.62,24.63,24.6182,24.6213
2023-08-09 14:52:52,24.62,24.64,24.6228,24.6229
2023-08-09 14:53:07,24.61,24.64,24.6152,24.6188
2023-08-09 14:53:22,24.58,24.62,24.5914,24.5915
2023-08-09 14:53:37,24.58,24.61,24.5853,24.5854
2023-08-09 14:53:52,24.59,24.62,24.5954,24.5955
2023-08-09 14:54:08,24.58,24.6,24.5872,24.5873
2023-08-09 14:54:23,24.58,24.6,24.5808,24.5822
2023-08-09 14:54:38,24.58,24.6,24.5722,24.5754
2023-08-09 14:54:53,24.57,24.59,24.5729,24.5743
2023-08-09 14:55:08,24.58,24.62,24.5833,24.5844
2023-08-09 14:55:24,24.59,24.61,24.5943,24.5944
2023-08-09 14:55:39,24.59,24.61,24.5944,24.5954
2023-08-09 14:55:54,24.59,24.62,24.5961,24.5994
2023-08-09 14:56:09,24.6,24.61,24.5873,24.5914
2023-08-09 14:56:25,24.58,24.6,24.5741,24.5783
2023-08-09 14:56:40,24.57,24.58,24.5603,24.5634
2023-08-09 14:56:55,24.57,24.59,24.5623,24.5654
2023-08-09 14:57:10,24.56,24.59,24.5723,24.5732
2023-08-09 14:57:26,24.56,24.6,24.5702,24.5703
2023-08-09 14:57:41,24.58,24.6,24.5875,24.5886
2023-08-09 14:57:56,24.58,24.6,24.579,24.5834
2023-08-09 14:58:11,24.6,24.61,24.5903,24.5914
2023-08-09 14:58:26,24.6,24.62,24.5983,24.5984
2023-08-09 14:58:42,24.56,24.58,24.5603,24.5624
2023-08-09 14:58:57,24.54,24.56,24.5445,24.5482
2023-08-09 14:59:12,24.54,24.57,24.546,24.5504
2023-08-09 14:59:27,24.54,24.56,24.5453,24.5464
2023-08-09 14:59:42,24.48,24.51,24.4973,24.4974
2023-08-09 14:59:58,24.45,24.47,24.4312,24.4355
2023-08-09 15:00:13,24.46,24.48,24.4621,24.4665
2023-08-09 15:00:28,24.48,24.52,24.5045,24.5046
2023-08-09 15:00:43,24.49,24.52,24.5011,24.5054
2023-08-09 15:00:58,24.5,24.52,24.5131,24.5144
2023-08-09 15:01:14,24.47,24.49,24.4611,24.4655
2023-08-09 15:01:29,24.46,24.49,24.4693,24.4694
2023-08-09 15:01:44,24.47,24.5,24.4781,24.4824
2023-08-09 15:01:59,24.46,24.48,24.4705,24.4743
2023-08-09 15:02:14,24.49,24.52,24.505,24.5094
2023-08-09 15:02:30,24.5,24.52,24.5156,24.5157
2023-08-09 15:02:45,24.51,24.54,24.5266,24.5274
2023-08-09 15:03:00,24.53,24.55,24.5405,24.5434
2023-08-09 15:03:15,24.52,24.54,24.5292,24.5324
2023-08-09 15:03:30,24.5,24.54,24.5215,24.5216
2023-08-09 15:03:46,24.5,24.53,24.508,24.5124
2023-08-09 15:04:01,24.53,24.56,24.5393,24.5404
2023-08-09 15:04:16,24.56,24.58,24.5663,24.5682
2023-08-09 15:04:31,24.55,24.57,24.5651,24.5652
2023-08-09 15:04:46,24.54,24.56,24.5454,24.5474
2023-08-09 15:05:02,24.52,24.55,24.5271,24.5274
2023-08-09 15:05:17,24.55,24.58,24.5613,24.5654
2023-08-09 15:05:32,24.55,24.58,24.5611,24.5612
2023-08-09 15:05:47,24.55,24.58,24.5623,24.5624
2023-08-09 15:06:03,24.57,24.59,24.5745,24.5746
2023-08-09 15:06:18,24.57,24.59,24.5752,24.5753
2023-08-09 15:06:33,24.59,24.61,24.5944,24.5974
2023-08-09 15:06:48,24.57,24.6,24.5823,24.5824
2023-08-09 15:07:03,24.58,24.61,24.6001,24.6024
2023-08-09 15:07:19,24.58,24.61,24.5928,24.5929
2023-08-09 15:07:34,24.58,24.61,24.5892,24.5914
2023-08-09 15:07:49,24.57,24.59,24.5708,24.5733
2023-08-09 15:08:04,24.57,24.59,24.5702,24.5704
2023-08-09 15:08:19,24.56,24.58,24.5711,24.5712
2023-08-09 15:08:35,24.56,24.59,24.5722,24.5723
2023-08-09 15:08:50,24.56,24.58,24.5694,24.5695
2023-08-09 15:09:05,24.56,24.59,24.57,24.5701
2023-08-09 15:09:20,24.57,24.6,24.5793,24.5794
2023-08-09 15:09:35,24.54,24.55,24.534,24.5384
2023-08-09 15:09:51,24.52,24.54,24.5219,24.5254
2023-08-09 15:10:06,24.52,24.54,24.5222,24.5263
2023-08-09 15:10:21,24.53,24.55,24.5252,24.5291
2023-08-09 15:10:36,24.52,24.55,24.5273,24.5294
2023-08-09 15:10:51,24.53,24.55,24.5321,24.5363
2023-08-09 15:11:07,24.53,24.55,24.5311,24.5347
2023-08-09 15:11:22,24.55,24.56,24.5455,24.5464
2023-08-09 15:11:37,24.56,24.57,24.5544,24.5574
2023-08-09 15:11:52,24.58,24.6,24.575,24.5786
2023-08-09 15:12:08,24.57,24.6,24.577,24.5802
2023-08-09 15:12:23,24.57,24.58,24.5659,24.5691
2023-08-09 15:12:38,24.57,24.59,24.572,24.575
2023-08-09 15:12:53,24.54,24.57,24.5485,24.5523
2023-08-09 15:13:08,24.53,24.56,24.535,24.5361
2023-08-09 15:13:23,24.52,24.54,24.52,24.5201
2023-08-09 15:13:39,24.52,24.54,24.5184,24.5206
2023-08-09 15:13:54,24.52,24.53,24.5214,24.5239
2023-08-09 15:14:09,24.51,24.54,24.5101,24.5124
2023-08-09 15:14:24,24.5,24.53,24.5062,24.5063
2023-08-09 15:14:39,24.52,24.54,24.5167,24.5174
2023-08-09 15:14:55,24.52,24.54,24.525,24.5261
2023-08-09 15:15:10,24.52,24.54,24.5246,24.5247
2023-08-09 15:15:25,24.55,24.56,24.5516,24.5517
2023-08-09 15:15:40,24.55,24.56,24.5574,24.5598
2023-08-09 15:15:56,24.56,24.58,24.5655,24.5692
2023-08-09 15:16:11,24.58,24.59,24.5812,24.5844
2023-08-09 15:16:26,24.58,24.6,24.5911,24.5929
2023-08-09 15:16:41,24.59,24.61,24.6001,24.6033
2023-08-09 15:16:57,24.59,24.61,24.593,24.597
2023-08-09 15:17:12,24.58,24.6,24.584,24.5862
2023-08-09 15:17:27,24.58,24.6,24.5841,24.5875
2023-08-09 15:17:42,24.6,24.61,24.5889,24.589
2023-08-09 15:17:57,24.6,24.62,24.6074,24.6099
2023-08-09 15:18:12,24.63,24.65,24.6294,24.6332
2023-08-09 15:18:28,24.62,24.64,24.6213,24.6233
2023-08-09 15:18:43,24.63,24.65,24.6271,24.6313
2023-08-09 15:18:58,24.62,24.63,24.6112,24.6154
2023-08-09 15:19:13,24.62,24.63,24.6211,24.6253
2023-08-09 15:19:29,24.62,24.63,24.6193,24.6194
2023-08-09 15:19:44,24.62,24.63,24.617,24.6201
2023-08-09 15:19:59,24.61,24.64,24.6124,24.6163
2023-08-09 15:20:14,24.63,24.65,24.625,24.628
2023-08-09 15:20:29,24.62,24.64,24.618,24.6223
2023-08-09 15:20:45,24.62,24.63,24.6165,24.6189
2023-08-09 15:21:00,24.62,24.63,24.6204,24.6229
2023-08-09 15:21:15,24.61,24.63,24.6155,24.6156
2023-08-09 15:21:30,24.61,24.63,24.6134,24.6148
2023-08-09 15:21:45,24.61,24.62,24.6134,24.6137
2023-08-09 15:22:00,24.62,24.64,24.6222,24.6259
2023-08-09 15:22:16,24.62,24.63,24.6196,24.6197
2023-08-09 15:22:31,24.61,24.63,24.6196,24.6197
2023-08-09 15:22:46,24.61,24.63,24.6136,24.6153
2023-08-09 15:23:01,24.62,24.64,24.6186,24.6224
2023-08-09 15:23:17,24.6,24.62,24.6041,24.6083
2023-08-09 15:23:32,24.61,24.62,24.604,24.6082
2023-08-09 15:23:47,24.61,24.62,24.6041,24.6082
2023-08-09 15:24:02,24.6,24.62,24.6013,24.6032
2023-08-09 15:24:17,24.58,24.6,24.58,24.5828
2023-08-09 15:24:32,24.58,24.6,24.5803,24.5833
2023-08-09 15:24:48,24.58,24.59,24.5767,24.5793
2023-08-09 15:25:03,24.58,24.6,24.58,24.5811
2023-08-09 15:25:18,24.58,24.6,24.5911,24.5912
2023-08-09 15:25:33,24.6,24.61,24.597,24.6003
2023-08-09 15:25:49,24.58,24.6,24.5834,24.5841
2023-08-09 15:26:04,24.57,24.58,24.577,24.5771
2023-08-09 15:26:19,24.57,24.58,24.568,24.5716
2023-08-09 15:26:34,24.57,24.58,24.572,24.5742
2023-08-09 15:26:49,24.57,24.58,24.5711,24.5732
2023-08-09 15:27:05,24.57,24.59,24.573,24.5751
2023-08-09 15:27:20,24.58,24.59,24.5751,24.5767
2023-08-09 15:27:35,24.59,24.6,24.5822,24.5862
2023-08-09 15:27:50,24.59,24.61,24.5922,24.5931
2023-08-09 15:28:05,24.59,24.6,24.5871,24.5894
2023-08-09 15:28:21,24.59,24.61,24.5893,24.5903
2023-08-09 15:28:36,24.59,24.61,24.592,24.5928
2023-08-09 15:28:51,24.59,24.61,24.594,24.5941
2023-08-09 15:29:06,24.59,24.6,24.59,24.5901
2023-08-09 15:29:21,24.6,24.61,24.5957,24.5974
2023-08-09 15:29:37,24.6,24.61,24.596,24.597
2023-08-09 15:29:52,24.61,24.62,24.6018,24.6034
2023-08-09 15:30:07,24.6,24.61,24.595,24.5958
2023-08-09 15:30:22,24.6,24.62,24.5952,24.5994
2023-08-09 15:30:37,24.58,24.6,24.58,24.5817
2023-08-09 15:30:53,24.59,24.6,24.5821,24.5849
2023-08-09 15:31:08,24.57,24.58,24.5712,24.5713
2023-08-09 15:31:23,24.57,24.59,24.569,24.5727
2023-08-09 15:31:38,24.61,24.62,24.6092,24.6093
2023-08-09 15:31:53,24.61,24.62,24.604,24.6061
2023-08-09 15:32:09,24.57,24.58,24.57,24.5701
2023-08-09 15:32:24,24.55,24.57,24.55,24.5504
2023-08-09 15:32:39,24.55,24.57,24.5523,24.5544
2023-08-09 15:32:54,24.59,24.6,24.5871,24.5914
2023-08-09 15:33:09,24.59,24.6,24.59,24.5901
2023-08-09 15:33:25,24.59,24.6,24.5814,24.5853
2023-08-09 15:33:40,24.59,24.6,24.5847,24.5873
2023-08-09 15:33:55,24.6,24.61,24.5951,24.5952
2023-08-09 15:34:10,24.59,24.61,24.588,24.5881
2023-08-09 15:34:25,24.59,24.62,24.596,24.5972
2023-08-09 15:34:41,24.62,24.63,24.627,24.6271
2023-08-09 15:34:56,24.61,24.63,24.6097,24.611
2023-08-09 15:35:11,24.6,24.61,24.6024,24.6031
2023-08-09 15:35:26,24.61,24.62,24.6029,24.603
2023-08-09 15:35:41,24.6,24.62,24.5983,24.6012
2023-08-09 15:35:57,24.61,24.62,24.6056,24.6083
2023-08-09 15:36:12,24.61,24.62,24.6,24.6044
2023-08-09 15:36:27,24.61,24.63,24.6117,24.6134
2023-08-09 15:36:42,24.63,24.64,24.6284,24.6319
2023-08-09 15:36:57,24.63,24.65,24.6343,24.6344
2023-08-09 15:37:13,24.65,24.66,24.6431,24.6432
2023-08-09 15:37:28,24.65,24.66,24.6432,24.6433
2023-08-09 15:37:43,24.65,24.67,24.6553,24.6554
2023-08-09 15:37:58,24.67,24.68,24.67,24.6703
2023-08-09 15:38:13,24.67,24.69,24.6735,24.6751
2023-08-09 15:38:28,24.67,24.69,24.675,24.6751
2023-08-09 15:38:44,24.67,24.68,24.6712,24.6713
2023-08-09 15:38:59,24.68,24.69,24.6781,24.6783
2023-08-09 15:39:14,24.68,24.7,24.6855,24.6884
2023-08-09 15:39:29,24.67,24.68,24.68,24.6801
2023-08-09 15:39:44,24.67,24.69,24.6753,24.6754
2023-08-09 15:40:00,24.67,24.68,24.6641,24.6684
2023-08-09 15:40:15,24.66,24.68,24.66,24.6601
2023-08-09 15:40:30,24.65,24.66,24.6433,24.6434
2023-08-09 15:40:45,24.64,24.66,24.6415,24.6416
2023-08-09 15:41:01,24.65,24.66,24.6415,24.6424
2023-08-09 15:41:16,24.67,24.68,24.6643,24.6644
2023-08-09 15:41:31,24.67,24.68,24.666,24.6661
2023-08-09 15:41:46,24.67,24.69,24.6723,24.6724
2023-08-09 15:42:01,24.68,24.69,24.6758,24.676
2023-08-09 15:42:16,24.68,24.7,24.6799,24.68
2023-08-09 15:42:32,24.69,24.7,24.682,24.686
2023-08-09 15:42:47,24.68,24.69,24.679,24.6814
2023-08-09 15:43:02,24.68,24.69,24.6798,24.6799
2023-08-09 15:43:17,24.66,24.69,24.664,24.6678
2023-08-09 15:43:32,24.66,24.68,24.6565,24.6566
2023-08-09 15:43:48,24.63,24.64,24.6291,24.6314
2023-08-09 15:44:03,24.63,24.64,24.6293,24.6294
2023-08-09 15:44:18,24.63,24.65,24.6336,24.6364
2023-08-09 15:44:33,24.63,24.65,24.6376,24.6384
2023-08-09 15:44:48,24.64,24.65,24.6333,24.6334
2023-08-09 15:45:04,24.63,24.64,24.6232,24.6274
2023-08-09 15:45:19,24.63,24.64,24.6253,24.6254
2023-08-09 15:45:34,24.64,24.65,24.6401,24.6414
2023-08-09 15:45:49,24.64,24.65,24.6383,24.6384
2023-08-09 15:46:04,24.62,24.63,24.62,24.6231
2023-08-09 15:46:20,24.62,24.63,24.6073,24.6074
2023-08-09 15:46:35,24.61,24.63,24.6123,24.6124
2023-08-09 15:46:50,24.61,24.63,24.609,24.6109
2023-08-09 15:47:05,24.58,24.59,24.5782,24.5783
2023-08-09 15:47:20,24.59,24.6,24.5915,24.5924
2023-08-09 15:47:36,24.59,24.6,24.5915,24.5916
2023-08-09 15:47:51,24.59,24.61,24.5943,24.5944
2023-08-09 15:48:06,24.58,24.59,24.5801,24.5828
2023-08-09 15:48:21,24.58,24.59,24.58,24.583
2023-08-09 15:48:37,24.56,24.58,24.5653,24.5661
2023-08-09 15:48:52,24.57,24.59,24.5733,24.5744
2023-08-09 15:49:07,24.57,24.58,24.5702,24.5713
2023-08-09 15:49:22,24.58,24.59,24.5737,24.5738
2023-08-09 15:49:37,24.58,24.59,24.5771,24.5814
2023-08-09 15:49:53,24.58,24.6,24.5844,24.5881
2023-08-09 15:50:08,24.55,24.56,24.57,24.5706
2023-08-09 15:50:23,24.56,24.58,24.564,24.5646
2023-08-09 15:50:38,24.55,24.56,24.55,24.5501
2023-08-09 15:50:53,24.55,24.56,24.55,24.5501
2023-08-09 15:51:09,24.54,24.55,24.5501,24.5502
2023-08-09 15:51:24,24.59,24.6,24.5883,24.5894
2023-08-09 15:51:39,24.58,24.6,24.5783,24.5784
2023-08-09 15:51:54,24.58,24.59,24.5763,24.5792
2023-08-09 15:52:09,24.55,24.57,24.5546,24.5547
2023-08-09 15:52:25,24.54,24.56,24.5552,24.5554
2023-08-09 15:52:40,24.56,24.57,24.5553,24.5554
2023-08-09 15:52:55,24.56,24.58,24.5653,24.5654
2023-08-09 15:53:10,24.54,24.56,24.55,24.5501
2023-08-09 15:53:25,24.54,24.56,24.55,24.5501
2023-08-09 15:53:41,24.55,24.56,24.543,24.5474
2023-08-09 15:53:56,24.53,24.55,24.5381,24.5404
2023-08-09 15:54:11,24.55,24.56,24.5444,24.5454
2023-08-09 15:54:26,24.54,24.55,24.5431,24.5473
2023-08-09 15:54:41,24.54,24.55,24.5431,24.5439
2023-08-09 15:54:57,24.55,24.56,24.544,24.5474
2023-08-09 15:55:12,24.55,24.56,24.5471,24.5472
2023-08-09 15:55:27,24.55,24.56,24.5496,24.5531
2023-08-09 15:55:42,24.55,24.56,24.5473,24.5511
2023-08-09 15:55:57,24.56,24.57,24.5573,24.5584
2023-08-09 15:56:12,24.55,24.56,24.5571,24.5594
2023-08-09 15:56:28,24.54,24.56,24.5532,24.5533
2023-08-09 15:56:43,24.55,24.57,24.5583,24.5584
2023-08-09 15:56:58,24.56,24.57,24.5675,24.5704
2023-08-09 15:57:13,24.54,24.56,24.5474,24.5514
2023-08-09 15:57:28,24.55,24.56,24.5562,24.5563
2023-08-09 15:57:44,24.54,24.56,24.551,24.5551
2023-08-09 15:57:59,24.51,24.53,24.5293,24.5304
2023-08-09 15:58:14,24.52,24.54,24.5333,24.5334
2023-08-09 15:58:29,24.53,24.54,24.5391,24.5433
2023-08-09 15:58:44,24.53,24.55,24.5414,24.5415
2023-08-09 15:59:00,24.54,24.55,24.5473,24.5474
2023-08-09 15:59:15,24.54,24.55,24.5492,24.5493
2023-08-09 15:59:30,24.53,24.55,24.5464,24.5471
2023-08-09 15:59:45,24.53,24.54,24.5464,24.5491
2023-08-09 16:00:00,24.53,24.55,24.5465,24.5473
2023-08-09 16:00:16,24.51,24.54,24.523,24.5231
2023-08-09 16:00:31,24.53,24.55,24.5439,24.5472
2023-08-09 16:00:46,24.53,24.55,24.5432,24.5464
2023-08-09 16:01:01,24.53,24.55,24.5424,24.5425
2023-08-09 16:01:16,24.5,24.51,24.5167,24.5168
2023-08-09 16:01:32,24.5,24.52,24.5181,24.5182
2023-08-09 16:01:47,24.5,24.52,24.5125,24.5126
2023-08-09 16:02:02,24.5,24.52,24.5166,24.5182
2023-08-09 16:02:17,24.52,24.53,24.5293,24.5294
2023-08-09 16:02:32,24.52,24.54,24.5328,24.5329
2023-08-09 16:02:48,24.53,24.54,24.5363,24.5374
2023-08-09 16:03:03,24.53,24.55,24.5418,24.5444
2023-08-09 16:03:18,24.54,24.55,24.5469,24.547
2023-08-09 16:03:33,24.55,24.56,24.5511,24.5535
2023-08-09 16:03:48,24.54,24.56,24.5563,24.5564
2023-08-09 16:04:04,24.55,24.57,24.5599,24.56
2023-08-09 16:04:19,24.55,24.57,24.5575,24.5576
2023-08-09 16:04:34,24.56,24.57,24.5649,24.565
2023-08-09 16:04:49,24.56,24.58,24.5673,24.5714
2023-08-09 16:05:04,24.55,24.56,24.556,24.5561
2023-08-09 16:05:20,24.54,24.56,24.556,24.5561
2023-08-09 16:05:35,24.52,24.53,24.523,24.5231
2023-08-09 16:05:50,24.51,24.53,24.515,24.5151
2023-08-09 16:06:05,24.5,24.52,24.5051,24.5083
2023-08-09 16:06:20,24.5,24.52,24.5117,24.5143
2023-08-09 16:06:36,24.51,24.52,24.5152,24.5181
2023-08-09 16:06:51,24.5,24.52,24.505,24.5093
2023-08-09 16:07:06,24.49,24.51,24.5017,24.5024
2023-08-09 16:07:21,24.5,24.52,24.5165,24.5184
2023-08-09 16:07:36,24.5,24.52,24.5118,24.5144
2023-08-09 16:07:52,24.49,24.52,24.5052,24.5064
2023-08-09 16:08:07,24.49,24.51,24.4983,24.4984
2023-08-09 16:08:22,24.47,24.49,24.4824,24.4825
2023-08-09 16:08:37,24.48,24.5,24.4943,24.4954
2023-08-09 16:08:52,24.48,24.5,24.4931,24.4932
2023-08-09 16:09:08,24.48,24.5,24.4943,24.4944
2023-08-09 16:09:23,24.48,24.5,24.4942,24.4944
2023-08-09 16:09:38,24.48,24.49,24.4878,24.4879
2023-08-09 16:09:53,24.49,24.51,24.4992,24.4993
2023-08-09 16:10:08,24.5,24.52,24.5059,24.5091
2023-08-09 16:10:24,24.51,24.53,24.5207,24.5225
2023-08-09 16:10:39,24.51,24.52,24.513,24.5142
2023-08-09 16:10:54,24.51,24.52,24.5104,24.511
2023-08-09 16:11:09,24.51,24.52,24.5143,24.5166
2023-08-09 16:11:24,24.52,24.53,24.5283,24.5284
2023-08-09 16:11:40,24.51,24.53,24.516,24.5193
2023-08-09 16:11:55,24.51,24.52,24.511,24.5111
2023-08-09 16:12:10,24.51,24.52,24.5138,24.5139
2023-08-09 16:12:25,24.51,24.52,24.5184,24.5203
2023-08-09 16:12:40,24.52,24.54,24.528,24.5282
2023-08-09 16:12:56,24.52,24.54,24.5238,24.5239
2023-08-09 16:13:11,24.51,24.52,24.5205,24.5214
2023-08-09 16:13:26,24.5,24.52,24.512,24.516
2023-08-09 16:13:41,24.51,24.52,24.5137,24.5161
2023-08-09 16:13:56,24.51,24.52,24.5133,24.5161
2023-08-09 16:14:12,24.52,24.53,24.521,24.5243
2023-08-09 16:14:27,24.52,24.53,24.5217,24.5254
2023-08-09 16:14:42,24.52,24.53,24.5266,24.5267
2023-08-09 16:14:57,24.52,24.55,24.5423,24.5424
2023-08-09 16:15:12,24.54,24.57,24.5603,24.5614
2023-08-09 16:15:28,24.56,24.58,24.5733,24.5734
2023-08-09 16:15:43,24.56,24.57,24.5621,24.5664
2023-08-09 16:15:58,24.57,24.59,24.5723,24.5744
2023-08-09 16:16:13,24.56,24.59,24.5722,24.576
2023-08-09 16:16:28,24.57,24.59,24.5812,24.5813
2023-08-09 16:16:44,24.57,24.58,24.573,24.5772
2023-08-09 16:16:59,24.57,24.59,24.5737,24.5772
2023-08-09 16:17:14,24.56,24.59,24.5766,24.5783
2023-08-09 16:17:29,24.55,24.57,24.557,24.5581
2023-08-09 16:17:44,24.54,24.56,24.5567,24.5568
2023-08-09 16:18:00,24.54,24.56,24.547,24.5504
2023-08-09 16:18:15,24.54,24.56,24.5506,24.5507
2023-08-09 16:18:30,24.54,24.56,24.5503,24.5504
2023-08-09 16:18:45,24.54,24.56,24.5522,24.5523
2023-08-09 16:19:00,24.54,24.56,24.5522,24.5523
2023-08-09 16:19:16,24.54,24.56,24.5508,24.5509
2023-08-09 16:19:31,24.54,24.56,24.5454,24.5485
2023-08-09 16:19:46,24.54,24.56,24.5491,24.5492
2023-08-09 16:20:01,24.51,24.53,24.5207,24.5224
2023-08-09 16:20:16,24.5,24.52,24.512,24.5164
2023-08-09 16:20:32,24.5,24.52,24.5062,24.509
2023-08-09 16:20:47,24.5,24.52,24.509,24.5091
2023-08-09 16:21:02,24.5,24.52,24.5107,24.5108
2023-08-09 16:21:17,24.5,24.52,24.512,24.5161
2023-08-09 16:21:33,24.5,24.52,24.512,24.5146
2023-08-09 16:21:48,24.5,24.52,24.5154,24.5155
2023-08-09 16:22:03,24.5,24.52,24.5133,24.5155
2023-08-09 16:22:18,24.5,24.52,24.5154,24.5155
2023-08-09 16:22:33,24.52,24.54,24.5293,24.5294
2023-08-09 16:22:49,24.52,24.54,24.5303,24.5304
2023-08-09 16:23:04,24.53,24.55,24.5393,24.5394
2023-08-09 16:23:19,24.53,24.55,24.5413,24.5414
2023-08-09 16:23:34,24.53,24.55,24.5413,24.5414
2023-08-09 16:23:49,24.53,24.55,24.539,24.5391
2023-08-09 16:24:05,24.53,24.55,24.5383,24.5384
2023-08-09 16:24:20,24.53,24.55,24.5396,24.5397
2023-08-09 16:24:35,24.53,24.55,24.5396,24.5397
2023-08-09 16:24:50,24.53,24.55,24.5423,24.5424
2023-08-09 16:25:05,24.53,24.55,24.5413,24.5414
2023-08-09 16:25:21,24.5,24.52,24.5182,24.5183
2023-08-09 16:25:36,24.5,24.52,24.5105,24.5114
2023-08-09 16:25:51,24.5,24.52,24.5114,24.5124
2023-08-09 16:26:06,24.5,24.52,24.5173,24.5174
2023-08-09 16:26:21,24.52,24.54,24.5273,24.5274
2023-08-09 16:26:37,24.51,24.54,24.5273,24.5274
2023-08-09 16:26:52,24.51,24.54,24.5274,24.5294
2023-08-09 16:27:07,24.51,24.53,24.521,24.5252
2023-08-09 16:27:22,24.51,24.53,24.5163,24.5184
2023-08-09 16:27:37,24.49,24.52,24.51,24.5101
2023-08-09 16:27:53,24.49,24.52,24.5133,24.5134
2023-08-09 16:28:08,24.49,24.52,24.5083,24.5094
2023-08-09 16:28:23,24.49,24.52,24.5082,24.5084
2023-08-09 16:28:38,24.49,24.52,24.5123,24.5124
2023-08-09 16:28:53,24.52,24.54,24.5223,24.5234
2023-08-09 16:29:09,24.52,24.55,24.5329,24.533
2023-08-09 16:29:24,24.52,24.55,24.5373,24.5374
2023-08-09 16:29:39,24.51,24.54,24.5233,24.5234
2023-08-09 16:29:54,24.51,24.54,24.5223,24.5234
2023-08-09 16:30:10,24.5,24.52,24.5233,24.5234
2023-08-09 16:30:25,24.52,24.54,24.5174,24.5204
2023-08-09 16:30:40,24.5,24.52,24.5083,24.5084
2023-08-09 16:30:55,24.49,24.52,24.5093,24.5094
2023-08-09 16:31:10,24.49,24.52,24.508,24.5081
2023-08-09 16:31:25,24.49,24.52,24.508,24.5081
2023-08-09 16:31:41,24.49,24.52,24.5081,24.5082
2023-08-09 16:31:56,24.51,24.54,24.5293,24.5294
2023-08-09 16:32:11,24.55,24.56,24.5463,24.5473
2023-08-09 16:32:26,24.55,24.56,24.5522,24.5523
2023-08-09 16:32:41,24.55,24.56,24.5522,24.5523
2023-08-09 16:32:57,24.55,24.57,24.5548,24.5574
2023-08-09 16:33:12,24.55,24.58,24.5631,24.5653
2023-08-09 16:33:27,24.55,24.58,24.5671,24.5672
2023-08-09 16:33:42,24.57,24.59,24.5763,24.5764
2023-08-09 16:33:58,24.56,24.59,24.5791,24.5792
2023-08-09 16:34:13,24.57,24.59,24.576,24.5761
2023-08-09 16:34:28,24.57,24.59,24.578,24.5781
2023-08-09 16:34:43,24.57,24.59,24.582,24.5821
2023-08-09 16:34:58,24.57,24.59,24.5874,24.5883
2023-08-09 16:35:14,24.57,24.59,24.5883,24.5884
2023-08-09 16:35:29,24.57,24.59,24.581,24.5811
2023-08-09 16:35:44,24.56,24.59,24.574,24.5741
2023-08-09 16:35:59,24.55,24.58,24.576,24.5761
2023-08-09 16:36:14,24.55,24.58,24.567,24.5671
2023-08-09 16:36:30,24.55,24.57,24.565,24.5651
2023-08-09 16:36:45,24.55,24.57,24.57,24.5701
2023-08-09 16:37:00,24.55,24.58,24.57,24.5716
2023-08-09 16:37:15,24.52,24.54,24.5368,24.5369
2023-08-09 16:37:30,24.51,24.53,24.5309,24.531
2023-08-09 16:37:46,24.52,24.54,24.5371,24.5393
2023-08-09 16:38:01,24.51,24.54,24.5309,24.531
2023-08-09 16:38:16,24.49,24.51,24.508,24.5081
2023-08-09 16:38:31,24.47,24.5,24.4921,24.4954
2023-08-09 16:38:46,24.48,24.5,24.5037,24.5071
2023-08-09 16:39:02,24.48,24.5,24.4973,24.501
2023-08-09 16:39:17,24.47,24.49,24.4951,24.4952
2023-08-09 16:39:32,24.47,24.5,24.4914,24.4934
2023-08-09 16:39:47,24.47,24.5,24.4829,24.483
2023-08-09 16:40:02,24.46,24.5,24.4823,24.4824
2023-08-09 16:40:18,24.46,24.48,24.4721,24.4722
2023-08-09 16:40:33,24.45,24.48,24.4735,24.4775
2023-08-09 16:40:48,24.45,24.47,24.4624,24.4655
2023-08-09 16:41:03,24.44,24.47,24.4601,24.4602
2023-08-09 16:41:18,24.44,24.46,24.4514,24.4515
2023-08-09 16:41:34,24.45,24.48,24.4674,24.4675
2023-08-09 16:41:49,24.46,24.49,24.4814,24.4815
2023-08-09 16:42:04,24.45,24.49,24.4684,24.4685
2023-08-09 16:42:19,24.46,24.49,24.4784,24.4785
2023-08-09 16:42:34,24.46,24.47,24.4804,24.4805
2023-08-09 16:42:50,24.45,24.48,24.4714,24.4715
2023-08-09 16:43:05,24.44,24.47,24.4582,24.4615
2023-08-09 16:43:20,24.44,24.46,24.4514,24.4515
2023-08-09 16:43:35,24.43,24.46,24.4514,24.4515
2023-08-09 16:43:51,24.42,24.45,24.4389,24.439
2023-08-09 16:44:06,24.41,24.44,24.4284,24.4295
2023-08-09 16:44:21,24.41,24.44,24.4294,24.4295
2023-08-09 16:44:36,24.41,24.43,24.4221,24.4232
2023-08-09 16:44:51,24.42,24.45,24.4372,24.4395
2023-08-09 16:45:06,24.41,24.44,24.4297,24.4305
2023-08-09 16:45:22,24.37,24.41,24.4054,24.4065
2023-08-09 16:45:37,24.38,24.41,24.3974,24.3985
2023-08-09 16:45:52,24.4,24.43,24.4116,24.4155
2023-08-09 16:46:07,24.36,24.38,24.39,24.3901
2023-08-09 16:46:23,24.38,24.41,24.4011,24.4025
2023-08-09 16:46:38,24.39,24.41,24.3914,24.3945
2023-08-09 16:46:53,24.4,24.43,24.4144,24.4155
2023-08-09 16:47:08,24.4,24.43,24.4194,24.4195
2023-08-09 16:47:23,24.38,24.4,24.3879,24.3883
2023-08-09 16:47:39,24.39,24.41,24.4053,24.4093
2023-08-09 16:47:54,24.39,24.42,24.4114,24.4115
2023-08-09 16:48:09,24.39,24.41,24.4094,24.4095
2023-08-09 16:48:24,24.4,24.43,24.4199,24.42
2023-08-09 16:48:39,24.42,24.44,24.4354,24.4365
2023-08-09 16:48:55,24.42,24.44,24.4344,24.4355
2023-08-09 16:49:10,24.42,24.44,24.4411,24.4412
2023-08-09 16:49:25,24.42,24.45,24.4402,24.4445
2023-08-09 16:49:40,24.39,24.42,24.4131,24.4132
2023-08-09 16:49:55,24.35,24.36,24.37,24.3701
2023-08-09 16:50:10,24.38,24.41,24.4023,24.4035
2023-08-09 16:50:26,24.38,24.41,24.3964,24.3965
2023-08-09 16:50:41,24.38,24.42,24.396,24.3975
2023-08-09 16:50:56,24.38,24.41,24.4004,24.4005
2023-08-09 16:51:11,24.39,24.42,24.4061,24.4075
2023-08-09 16:51:26,24.43,24.45,24.4385,24.4405
2023-08-09 16:51:42,24.43,24.46,24.4499,24.45
2023-08-09 16:51:57,24.44,24.47,24.4653,24.4675
2023-08-09 16:52:12,24.46,24.49,24.4801,24.4824
2023-08-09 16:52:27,24.45,24.48,24.4744,24.4762
2023-08-09 16:52:42,24.44,24.48,24.4651,24.4662
2023-08-09 16:52:58,24.45,24.49,24.4801,24.4819
2023-08-09 16:53:13,24.47,24.49,24.4854,24.4895
2023-08-09 16:53:28,24.47,24.49,24.497,24.4972
2023-08-09 16:53:43,24.49,24.52,24.506,24.5061
2023-08-09 16:53:58,24.49,24.52,24.5051,24.5085
2023-08-09 16:54:14,24.48,24.5,24.4962,24.4969
2023-08-09 16:54:29,24.48,24.51,24.5024,24.5025
2023-08-09 16:54:44,24.49,24.52,24.5143,24.5155
2023-08-09 16:54:59,24.5,24.52,24.519,24.5193
2023-08-09 16:55:15,24.49,24.51,24.509,24.5134
2023-08-09 16:55:30,24.48,24.51,24.4998,24.503
2023-08-09 16:55:45,24.48,24.5,24.498,24.5
2023-08-09 16:56:00,24.48,24.51,24.4975,24.5013
2023-08-09 16:56:15,24.48,24.49,24.4902,24.4903
2023-08-09 16:56:30,24.49,24.51,24.5052,24.5053
2023-08-09 16:56:46,24.5,24.53,24.5199,24.52
2023-08-09 16:57:01,24.5,24.53,24.5239,24.5264
2023-08-09 16:57:16,24.5,24.53,24.5153,24.5163
2023-08-09 16:57:31,24.49,24.51,24.5013,24.5044
2023-08-09 16:57:46,24.49,24.51,24.5074,24.5075
2023-08-09 16:58:02,24.49,24.51,24.5025,24.5064
2023-08-09 16:58:17,24.46,24.48,24.483,24.4831
2023-08-09 16:58:32,24.44,24.47,24.4622,24.4652
2023-08-09 16:58:47,24.43,24.45,24.4461,24.4505
2023-08-09 16:59:02,24.44,24.47,24.4531,24.4552
2023-08-09 16:59:18,24.43,24.45,24.4502,24.4543
2023-08-09 16:59:33,24.43,24.45,24.4491,24.4502
2023-08-09 16:59:48,24.42,24.45,24.4376,24.4392
2023-08-09 17:00:03,24.41,24.43,24.4331,24.4361
2023-08-09 17:00:18,24.41,24.45,24.4322,24.4355
2023-08-09 17:00:34,24.41,24.43,24.4252,24.4273
2023-08-09 17:00:49,24.41,24.43,24.4239,24.4245
2023-08-09 17:01:04,24.42,24.44,24.4342,24.4376
2023-08-09 17:01:19,24.39,24.41,24.4083,24.4099
2023-08-09 17:01:34,24.42,24.45,24.4495,24.4505
2023-08-09 17:01:50,24.44,24.46,24.4599,24.46
2023-08-09 17:02:05,24.42,24.45,24.4431,24.4472
2023-08-09 17:02:20,24.42,24.45,24.4441,24.4442
2023-08-09 17:02:35,24.42,24.45,24.4427,24.4462
2023-08-09 17:02:50,24.42,24.45,24.4496,24.4497
2023-08-09 17:03:06,24.41,24.43,24.4226,24.4248
2023-08-09 17:03:21,24.38,24.4,24.4017,24.4018
2023-08-09 17:03:36,24.38,24.42,24.4154,24.4165
2023-08-09 17:03:51,24.39,24.42,24.4115,24.4155
2023-08-09 17:04:06,24.4,24.43,24.4254,24.4255
2023-08-09 17:04:22,24.43,24.45,24.4449,24.4474
2023-08-09 17:04:37,24.44,24.46,24.4582,24.4624
2023-08-09 17:04:52,24.45,24.47,24.4724,24.4764
2023-08-09 17:05:07,24.45,24.48,24.4772,24.4773
2023-08-09 17:05:22,24.45,24.48,24.4747,24.4755
2023-08-09 17:05:37,24.46,24.49,24.4787,24.4825
2023-08-09 17:05:53,24.46,24.47,24.4851,24.4867
2023-08-09 17:06:08,24.45,24.48,24.4786,24.4794
2023-08-09 17:06:23,24.47,24.49,24.4877,24.4899
2023-08-09 17:06:38,24.45,24.47,24.4787,24.4825
2023-08-09 17:06:53,24.46,24.49,24.4872,24.4873
2023-08-09 17:07:09,24.47,24.49,24.495,24.497
2023-08-09 17:07:24,24.48,24.49,24.4999,24.5
2023-08-09 17:07:39,24.48,24.5,24.4999,24.5
2023-08-09 17:07:54,24.48,24.5,24.4999,24.5
2023-08-09 17:08:09,24.48,24.5,24.4991,24.4998
2023-08-09 17:08:25,24.48,24.51,24.4999,24.5
2023-08-09 17:08:40,24.49,24.51,24.5071,24.5112
2023-08-09 17:08:55,24.49,24.51,24.5066,24.5103
2023-08-09 17:09:10,24.49,24.51,24.507,24.5097
2023-08-09 17:09:25,24.49,24.51,24.5063,24.5064
2023-08-09 17:09:41,24.48,24.5,24.506,24.5102
2023-08-09 17:09:56,24.48,24.5,24.5042,24.5043
2023-08-09 17:10:11,24.47,24.5,24.494,24.4964
2023-08-09 17:10:26,24.46,24.48,24.4783,24.4822
2023-08-09 17:10:41,24.46,24.48,24.4824,24.4825
2023-08-09 17:10:57,24.46,24.48,24.4769,24.4805
2023-08-09 17:11:12,24.46,24.49,24.4833,24.4834
2023-08-09 17:11:27,24.48,24.5,24.4977,24.4984
2023-08-09 17:11:42,24.48,24.5,24.4941,24.4981
2023-08-09 17:11:57,24.48,24.5,24.4981,24.5003
2023-08-09 17:12:13,24.48,24.5,24.5008,24.5009
2023-08-09 17:12:28,24.49,24.51,24.5101,24.5103
2023-08-09 17:12:43,24.49,24.51,24.5062,24.5071
2023-08-09 17:12:58,24.49,24.52,24.5153,24.5154
2023-08-09 17:13:13,24.49,24.52,24.5156,24.5157
2023-08-09 17:13:29,24.51,24.52,24.527,24.5314
2023-08-09 17:13:44,24.51,24.53,24.5288,24.5322
2023-08-09 17:13:59,24.51,24.54,24.5355,24.5374
2023-08-09 17:14:14,24.51,24.54,24.528,24.5323
2023-08-09 17:14:29,24.51,24.54,24.528,24.5301
2023-08-09 17:14:45,24.5,24.54,24.525,24.5294
2023-08-09 17:15:00,24.51,24.54,24.5339,24.5374
2023-08-09 17:15:15,24.51,24.54,24.5258,24.5294
2023-08-09 17:15:30,24.51,24.54,24.528,24.5301
2023-08-09 17:15:45,24.5,24.54,24.5204,24.5242
2023-08-09 17:16:01,24.5,24.52,24.5193,24.5194
2023-08-09 17:16:16,24.49,24.51,24.5072,24.5099
2023-08-09 17:16:31,24.49,24.52,24.5144,24.5178
2023-08-09 17:16:46,24.49,24.52,24.5116,24.5153
2023-08-09 17:17:01,24.51,24.53,24.5283,24.5284
2023-08-09 17:17:17,24.51,24.54,24.53,24.5311
2023-08-09 17:17:32,24.51,24.54,24.5253,24.5254
2023-08-09 17:17:47,24.51,24.54,24.5205,24.5222
2023-08-09 17:18:02,24.49,24.52,24.5177,24.5178
2023-08-09 17:18:17,24.49,24.52,24.5189,24.5221
2023-08-09 17:18:33,24.49,24.51,24.5011,24.5044
2023-08-09 17:18:48,24.49,24.51,24.5011,24.5012
2023-08-09 17:19:03,24.46,24.49,24.4944,24.4945
2023-08-09 17:19:18,24.46,24.48,24.4702,24.4703
2023-08-09 17:19:33,24.45,24.48,24.4694,24.4695
2023-08-09 17:19:49,24.45,24.48,24.4744,24.4745
2023-08-09 17:20:04,24.45,24.48,24.4704,24.4705
2023-08-09 17:20:19,24.45,24.47,24.4674,24.4675
2023-08-09 17:20:34,24.45,24.48,24.4764,24.4765
2023-08-09 17:20:49,24.47,24.49,24.4844,24.4845
2023-08-09 17:21:04,24.47,24.49,24.4844,24.4845
2023-08-09 17:21:20,24.47,24.49,24.4872,24.4873
2023-08-09 17:21:35,24.47,24.49,24.4894,24.4895
2023-08-09 17:21:50,24.47,24.49,24.4866,24.4867
2023-08-09 17:22:05,24.47,24.49,24.4838,24.4845
2023-08-09 17:22:20,24.47,24.49,24.4853,24.4855
2023-08-09 17:22:36,24.47,24.49,24.4914,24.4915
2023-08-09 17:22:51,24.45,24.47,24.4671,24.4697
2023-08-09 17:23:06,24.45,24.48,24.4697,24.4698
2023-08-09 17:23:21,24.45,24.48,24.4698,24.4701
2023-08-09 17:23:37,24.45,24.48,24.4663,24.4686
2023-08-09 17:23:52,24.44,24.47,24.4624,24.4648
2023-08-09 17:24:07,24.44,24.46,24.4541,24.4579
2023-08-09 17:24:22,24.44,24.45,24.4507,24.4545
2023-08-09 17:24:37,24.44,24.46,24.4599,24.46
2023-08-09 17:24:52,24.44,24.46,24.4598,24.4599
2023-08-09 17:25:08,24.44,24.46,24.4624,24.4625
2023-08-09 17:25:23,24.45,24.46,24.4597,24.4598
2023-08-09 17:25:38,24.43,24.45,24.4494,24.4495
2023-08-09 17:25:53,24.42,24.43,24.4419,24.442
2023-08-09 17:26:08,24.43,24.44,24.4421,24.4422
2023-08-09 17:26:24,24.43,24.44,24.4434,24.4435
2023-08-09 17:26:39,24.43,24.44,24.4444,24.4445
2023-08-09 17:26:54,24.44,24.45,24.4493,24.4494
2023-08-09 17:27:09,24.44,24.45,24.4487,24.4523
2023-08-09 17:27:24,24.44,24.45,24.4571,24.4572
2023-08-09 17:27:40,24.43,24.44,24.4471,24.4515
2023-08-09 17:27:55,24.42,24.43,24.4288,24.4318
2023-08-09 17:28:10,24.41,24.43,24.4274,24.4275
2023-08-09 17:28:25,24.4,24.43,24.4091,24.4135
2023-08-09 17:28:40,24.39,24.41,24.4074,24.4075
2023-08-09 17:28:56,24.39,24.42,24.4109,24.411
2023-08-09 17:29:11,24.41,24.43,24.4264,24.4265
2023-08-09 17:29:26,24.39,24.42,24.407,24.4104
2023-08-09 17:29:41,24.38,24.4,24.3973,24.3974
2023-08-09 17:29:56,24.38,24.41,24.4005,24.4008
2023-08-09 17:30:12,24.37,24.39,24.3839,24.3864
2023-08-09 17:30:27,24.38,24.41,24.4054,24.4075
2023-08-09 17:30:42,24.41,24.43,24.4231,24.4263
2023-08-09 17:30:57,24.41,24.43,24.4294,24.4295
2023-08-09 17:31:12,24.4,24.43,24.4174,24.4175
2023-08-09 17:31:28,24.36,24.38,24.3771,24.38
2023-08-09 17:31:43,24.37,24.38,24.3814,24.3831
2023-08-09 17:31:58,24.37,24.38,24.3837,24.3838
2023-08-09 17:32:13,24.37,24.38,24.3832,24.3847
2023-08-09 17:32:28,24.37,24.39,24.3911,24.3955
2023-08-09 17:32:44,24.37,24.39,24.3873,24.3914
2023-08-09 17:32:59,24.37,24.39,24.3934,24.3955
2023-08-09 17:33:14,24.37,24.39,24.3901,24.3902
2023-08-09 17:33:29,24.37,24.39,24.3862,24.3879
2023-08-09 17:33:44,24.37,24.39,24.3791,24.3835
2023-08-09 17:34:00,24.37,24.38,24.3808,24.3842
2023-08-09 17:34:15,24.35,24.36,24.361,24.3611
2023-08-09 17:34:30,24.35,24.37,24.3708,24.3743
2023-08-09 17:34:45,24.33,24.35,24.3421,24.3462
2023-08-09 17:35:00,24.34,24.37,24.3661,24.3705
2023-08-09 17:35:16,24.35,24.37,24.3681,24.369
2023-08-09 17:35:31,24.35,24.38,24.3764,24.3793
2023-08-09 17:35:46,24.35,24.38,24.3772,24.3793
2023-08-09 17:36:01,24.37,24.39,24.3783,24.3784
2023-08-09 17:36:16,24.38,24.4,24.3971,24.3995
2023-08-09 17:36:32,24.38,24.4,24.3963,24.3964
2023-08-09 17:36:47,24.36,24.39,24.3901,24.3939
2023-08-09 17:37:02,24.38,24.4,24.3989,24.4014
2023-08-09 17:37:17,24.38,24.4,24.4021,24.4023
2023-08-09 17:37:32,24.38,24.4,24.3971,24.4003
2023-08-09 17:37:48,24.4,24.42,24.4181,24.4194
2023-08-09 17:38:03,24.4,24.43,24.4272,24.4304
2023-08-09 17:38:18,24.42,24.44,24.4412,24.4454
2023-08-09 17:38:33,24.41,24.43,24.4226,24.4262
2023-08-09 17:38:48,24.41,24.44,24.4341,24.4363
2023-08-09 17:39:04,24.41,24.44,24.4361,24.4363
2023-08-09 17:39:19,24.42,24.45,24.4494,24.45
2023-08-09 17:39:34,24.44,24.46,24.4675,24.4676
2023-08-09 17:39:49,24.43,24.46,24.4573,24.4579
2023-08-09 17:40:04,24.43,24.46,24.4581,24.4593
2023-08-09 17:40:20,24.42,24.45,24.4451,24.4452
2023-08-09 17:40:35,24.42,24.45,24.4469,24.4474
2023-08-09 17:40:50,24.41,24.44,24.4391,24.4392
2023-08-09 17:41:05,24.41,24.44,24.4354,24.4385
2023-08-09 17:41:20,24.41,24.43,24.4241,24.4242
2023-08-09 17:41:36,24.41,24.43,24.4251,24.4275
2023-08-09 17:41:51,24.39,24.43,24.4162,24.4191
2023-08-09 17:42:06,24.4,24.43,24.4287,24.4302
2023-08-09 17:42:21,24.42,24.43,24.4371,24.44
2023-08-09 17:42:36,24.41,24.43,24.4282,24.4316
2023-08-09 17:42:52,24.41,24.43,24.4301,24.4334
2023-08-09 17:43:07,24.41,24.43,24.4301,24.4302
2023-08-09 17:43:22,24.41,24.43,24.4294,24.4318
2023-08-09 17:43:37,24.41,24.43,24.433,24.4331
2023-08-09 17:43:52,24.41,24.43,24.4293,24.4294
2023-08-09 17:44:08,24.41,24.43,24.4293,24.4335
2023-08-09 17:44:23,24.4,24.42,24.4181,24.4223
2023-08-09 17:44:38,24.4,24.43,24.4272,24.4273
2023-08-09 17:44:53,24.42,24.43,24.4282,24.4283
2023-08-09 17:45:08,24.4,24.43,24.4261,24.4288
2023-08-09 17:45:24,24.39,24.42,24.4142,24.4143
2023-08-09 17:45:39,24.4,24.42,24.4174,24.4175
2023-08-09 17:45:54,24.39,24.41,24.4101,24.4121
2023-08-09 17:46:09,24.4,24.42,24.4235,24.4275
2023-08-09 17:46:24,24.4,24.42,24.4231,24.4232
2023-08-09 17:46:40,24.4,24.42,24.4239,24.4273
2023-08-09 17:46:55,24.38,24.4,24.4011,24.4012
2023-08-09 17:47:10,24.38,24.4,24.3932,24.3933
2023-08-09 17:47:25,24.38,24.4,24.4035,24.4036
2023-08-09 17:47:40,24.38,24.4,24.4035,24.4036
2023-08-09 17:47:56,24.39,24.41,24.4163,24.4183
2023-08-09 17:48:11,24.39,24.41,24.4172,24.4195
2023-08-09 17:48:26,24.39,24.41,24.4122,24.4142
2023-08-09 17:48:41,24.4,24.41,24.4163,24.4199
2023-08-09 17:48:56,24.41,24.43,24.4312,24.4313
2023-08-09 17:49:12,24.41,24.44,24.4391,24.4392
2023-08-09 17:49:27,24.42,24.44,24.442,24.4436
2023-08-09 17:49:42,24.41,24.44,24.4341,24.4362
2023-08-09 17:49:58,24.41,24.44,24.4303,24.4329
2023-08-09 17:50:13,24.41,24.44,24.44,24.4401
2023-08-09 17:50:28,24.41,24.44,24.4332,24.4359
2023-08-09 17:50:43,24.41,24.44,24.4303,24.4343
2023-08-09 17:50:58,24.42,24.44,24.4401,24.4445
2023-08-09 17:51:14,24.42,24.44,24.4371,24.4372
2023-08-09 17:51:29,24.41,24.42,24.4201,24.4229
2023-08-09 17:51:44,24.41,24.43,24.4271,24.4303
2023-08-09 17:51:59,24.4,24.42,24.4163,24.4164
2023-08-09 17:52:14,24.41,24.43,24.4355,24.4383
2023-08-09 17:52:29,24.42,24.44,24.4462,24.4497
2023-08-09 17:52:45,24.43,24.45,24.4513,24.4542
2023-08-09 17:53:00,24.43,24.45,24.4501,24.4513
2023-08-09 17:53:15,24.42,24.44,24.4373,24.4374
2023-08-09 17:53:30,24.42,24.45,24.4504,24.4505
2023-08-09 17:53:45,24.43,24.45,24.4522,24.4523
2023-08-09 17:54:01,24.44,24.46,24.4582,24.4591
2023-08-09 17:54:16,24.43,24.45,24.451,24.4511
2023-08-09 17:54:31,24.43,24.45,24.4541,24.4542
2023-08-09 17:54:46,24.42,24.43,24.4351,24.4384
2023-08-09 17:55:01,24.42,24.44,24.4372,24.4392
2023-08-09 17:55:17,24.41,24.42,24.4289,24.4291
2023-08-09 17:55:32,24.41,24.42,24.4222,24.4264
2023-08-09 17:55:47,24.4,24.42,24.4151,24.4192
2023-08-09 17:56:02,24.4,24.42,24.4167,24.4195
2023-08-09 17:56:17,24.4,24.42,24.4242,24.4243
2023-08-09 17:56:33,24.4,24.42,24.4241,24.4242
2023-08-09 17:56:48,24.4,24.42,24.4242,24.4243
2023-08-09 17:57:03,24.41,24.43,24.4291,24.4325
2023-08-09 17:57:18,24.42,24.44,24.4398,24.4435
2023-08-09 17:57:33,24.42,24.44,24.4392,24.4403
2023-08-09 17:57:49,24.42,24.44,24.4392,24.4433
2023-08-09 17:58:04,24.42,24.44,24.4445,24.4465
2023-08-09 17:58:19,24.42,24.44,24.4453,24.4484
2023-08-09 17:58:34,24.42,24.44,24.4447,24.4451
2023-08-09 17:58:49,24.43,24.45,24.4491,24.4535
2023-08-09 17:59:05,24.43,24.45,24.4548,24.4575
2023-08-09 17:59:20,24.44,24.45,24.4541,24.4581
2023-08-09 17:59:35,24.45,24.47,24.4687,24.4715
2023-08-09 17:59:50,24.45,24.47,24.4682,24.4709
2023-08-09 18:00:05,24.45,24.47,24.4682,24.4683
2023-08-09 18:00:21,24.42,24.43,24.4438,24.4439
2023-08-09 18:00:36,24.43,24.44,24.4371,24.4391
2023-08-09 18:00:51,24.42,24.43,24.4313,24.4314
2023-08-09 18:01:06,24.43,24.44,24.4444,24.4445
2023-08-09 18:01:21,24.43,24.45,24.4422,24.4423
2023-08-09 18:01:36,24.42,24.45,24.4284,24.4323
2023-08-09 18:01:52,24.41,24.43,24.4263,24.4264
2023-08-09 18:02:07,24.42,24.43,24.4299,24.43
2023-08-09 18:02:22,24.42,24.44,24.4299,24.43
2023-08-09 18:02:37,24.41,24.44,24.4273,24.4287
2023-08-09 18:02:52,24.41,24.43,24.4223,24.4254
2023-08-09 18:03:08,24.4,24.43,24.4123,24.4163
2023-08-09 18:03:23,24.4,24.41,24.4105,24.4114
2023-08-09 18:03:38,24.4,24.41,24.4115,24.412
2023-08-09 18:03:53,24.42,24.43,24.4294,24.4295
2023-08-09 18:04:08,24.41,24.42,24.4205,24.4244
2023-08-09 18:04:24,24.41,24.42,24.4234,24.4235
2023-08-09 18:04:39,24.42,24.43,24.4254,24.4255
2023-08-09 18:04:54,24.42,24.43,24.428,24.4281
2023-08-09 18:05:09,24.42,24.43,24.4299,24.43
2023-08-09 18:05:24,24.42,24.43,24.4299,24.43
2023-08-09 18:05:40,24.4,24.41,24.415,24.4151
2023-08-09 18:05:55,24.4,24.41,24.415,24.4151
2023-08-09 18:06:10,24.41,24.42,24.415,24.4151
2023-08-09 18:06:25,24.41,24.42,24.4207,24.4237
2023-08-09 18:06:40,24.41,24.42,24.4243,24.4244
2023-08-09 18:06:56,24.42,24.43,24.4274,24.4285
2023-08-09 18:07:11,24.43,24.44,24.4302,24.4345
2023-08-09 18:07:26,24.43,24.44,24.4382,24.4413
2023-08-09 18:07:41,24.43,24.44,24.4423,24.4455
2023-08-09 18:07:56,24.42,24.43,24.43,24.4332
2023-08-09 18:08:12,24.42,24.43,24.4271,24.4311
2023-08-09 18:08:27,24.41,24.42,24.423,24.4264
2023-08-09 18:08:42,24.4,24.41,24.4151,24.4195
2023-08-09 18:08:57,24.41,24.42,24.4232,24.4255
2023-08-09 18:09:12,24.43,24.44,24.4404,24.4405
2023-08-09 18:09:27,24.42,24.44,24.4405,24.4415
2023-08-09 18:09:43,24.42,24.43,24.4355,24.4395
2023-08-09 18:09:58,24.43,24.44,24.4367,24.4394
2023-08-09 18:10:13,24.43,24.44,24.4425,24.4455
2023-08-09 18:10:28,24.41,24.42,24.4211,24.4247
2023-08-09 18:10:43,24.41,24.42,24.4229,24.4251
2023-08-09 18:10:59,24.43,24.44,24.4364,24.4365
2023-08-09 18:11:14,24.42,24.44,24.4384,24.4394
2023-08-09 18:11:29,24.42,24.44,24.4383,24.4395
2023-08-09 18:11:44,24.42,24.44,24.4393,24.4394
2023-08-09 18:11:59,24.42,24.43,24.4291,24.4322
2023-08-09 18:12:15,24.41,24.42,24.4211,24.4244
2023-08-09 18:12:30,24.4,24.42,24.4146,24.4147
2023-08-09 18:12:45,24.4,24.42,24.4151,24.4152
2023-08-09 18:13:00,24.4,24.41,24.4151,24.4152
2023-08-09 18:13:15,24.4,24.41,24.4132,24.4133
2023-08-09 18:13:30,24.39,24.41,24.3984,24.3985
2023-08-09 18:13:46,24.38,24.39,24.3884,24.3885
2023-08-09 18:14:01,24.38,24.39,24.3843,24.3844
2023-08-09 18:14:16,24.38,24.4,24.395,24.3955
2023-08-09 18:14:31,24.37,24.39,24.3844,24.3855
2023-08-09 18:14:46,24.38,24.39,24.3934,24.3935
2023-08-09 18:15:02,24.38,24.39,24.3899,24.3925
2023-08-09 18:15:17,24.37,24.39,24.3899,24.3923
2023-08-09 18:15:32,24.38,24.39,24.3874,24.3875
2023-08-09 18:15:47,24.38,24.39,24.3874,24.3875
2023-08-09 18:16:02,24.38,24.4,24.3904,24.3905
2023-08-09 18:16:18,24.38,24.39,24.3894,24.3895
2023-08-09 18:16:33,24.38,24.4,24.3904,24.3905
2023-08-09 18:16:48,24.39,24.4,24.3984,24.3985
2023-08-09 18:17:03,24.39,24.41,24.3982,24.3995
2023-08-09 18:17:18,24.39,24.41,24.3999,24.4
2023-08-09 18:17:34,24.38,24.41,24.3942,24.3944
2023-08-09 18:17:49,24.39,24.41,24.3926,24.3935
2023-08-09 18:18:04,24.38,24.4,24.3926,24.3934
2023-08-09 18:18:19,24.39,24.4,24.3934,24.3945
2023-08-09 18:18:34,24.4,24.41,24.3974,24.3975
2023-08-09 18:18:50,24.4,24.41,24.4054,24.4055
2023-08-09 18:19:05,24.4,24.41,24.4084,24.4095
2023-08-09 18:19:20,24.4,24.43,24.4125,24.4126
2023-08-09 18:19:35,24.4,24.42,24.4174,24.4205
2023-08-09 18:19:50,24.4,24.42,24.4113,24.4144
2023-08-09 18:20:06,24.41,24.42,24.4179,24.4205
2023-08-09 18:20:21,24.41,24.43,24.4211,24.4212
2023-08-09 18:20:36,24.42,24.44,24.4299,24.43
2023-08-09 18:20:51,24.42,24.44,24.4299,24.43
2023-08-09 18:21:06,24.42,24.44,24.4283,24.43
2023-08-09 18:21:22,24.43,24.46,24.4429,24.443
2023-08-09 18:21:37,24.43,24.46,24.4441,24.4442
2023-08-09 18:21:52,24.42,24.44,24.4361,24.4362
2023-08-09 18:22:07,24.42,24.44,24.4362,24.4363
2023-08-09 18:22:22,24.42,24.45,24.4362,24.4363
2023-08-09 18:22:38,24.42,24.45,24.4404,24.4405
2023-08-09 18:22:53,24.43,24.46,24.451,24.4544
2023-08-09 18:23:08,24.43,24.46,24.4522,24.4535
2023-08-09 18:23:23,24.43,24.46,24.4551,24.4552
2023-08-09 18:23:38,24.43,24.46,24.4584,24.4585
2023-08-09 18:23:54,24.45,24.46,24.4632,24.4655
2023-08-09 18:24:09,24.48,24.49,24.4788,24.4804
2023-08-09 18:24:24,24.49,24.5,24.4943,24.4953
2023-08-09 18:24:39,24.5,24.52,24.512,24.5133
2023-08-09 18:24:54,24.51,24.52,24.518,24.5184
2023-08-09 18:25:10,24.5,24.52,24.5157,24.5158
2023-08-09 18:25:25,24.5,24.52,24.5113,24.513
2023-08-09 18:25:40,24.5,24.52,24.5213,24.5214
2023-08-09 18:25:55,24.51,24.52,24.5199,24.5213
2023-08-09 18:26:10,24.5,24.52,24.513,24.5164
2023-08-09 18:26:26,24.5,24.52,24.516,24.5161
2023-08-09 18:26:41,24.5,24.52,24.511,24.5124
2023-08-09 18:26:56,24.5,24.52,24.5087,24.5114
2023-08-09 18:27:11,24.5,24.52,24.5112,24.5114
2023-08-09 18:27:26,24.49,24.52,24.5072,24.5073
2023-08-09 18:27:42,24.5,24.52,24.5063,24.5064
2023-08-09 18:27:57,24.5,24.51,24.5022,24.5064
2023-08-09 18:28:12,24.5,24.51,24.5073,24.5074
2023-08-09 18:28:27,24.51,24.53,24.514,24.5183
2023-08-09 18:28:42,24.52,24.53,24.526,24.5303
2023-08-09 18:28:58,24.52,24.53,24.5312,24.5313
2023-08-09 18:29:13,24.53,24.55,24.55,24.5503
2023-08-09 18:29:28,24.53,24.55,24.5463,24.548
2023-08-09 18:29:43,24.54,24.56,24.5582,24.5583
2023-08-09 18:29:58,24.54,24.56,24.56,24.5601
2023-08-09 18:30:14,24.53,24.54,24.5411,24.5431
2023-08-09 18:30:29,24.54,24.56,24.5529,24.553
2023-08-09 18:30:44,24.54,24.56,24.5553,24.5554
2023-08-09 18:30:59,24.56,24.57,24.5649,24.565
2023-08-09 18:31:14,24.55,24.57,24.5592,24.5623
2023-08-09 18:31:30,24.54,24.56,24.5593,24.5594
2023-08-09 18:31:45,24.54,24.55,24.5503,24.5504
2023-08-09 18:32:00,24.54,24.55,24.5503,24.5504
2023-08-09 18:32:15,24.54,24.56,24.5559,24.556
2023-08-09 18:32:30,24.53,24.55,24.5451,24.5452
2023-08-09 18:32:46,24.53,24.54,24.5418,24.5436
2023-08-09 18:33:01,24.51,24.53,24.5286,24.5287
2023-08-09 18:33:16,24.51,24.52,24.5115,24.5144
2023-08-09 18:33:31,24.5,24.52,24.5139,24.5164
2023-08-09 18:33:46,24.52,24.53,24.5258,24.5259
2023-08-09 18:34:02,24.52,24.54,24.5333,24.5354
2023-08-09 18:34:17,24.52,24.54,24.5341,24.5363
2023-08-09 18:34:32,24.52,24.54,24.5319,24.5354
2023-08-09 18:34:47,24.52,24.53,24.5312,24.5336
2023-08-09 18:35:02,24.52,24.53,24.5312,24.5327
2023-08-09 18:35:18,24.53,24.55,24.5422,24.5462
2023-08-09 18:35:33,24.52,24.54,24.54,24.5401
2023-08-09 18:35:48,24.52,24.53,24.5333,24.5334
2023-08-09 18:36:03,24.51,24.53,24.5293,24.5294
2023-08-09 18:36:18,24.51,24.52,24.5226,24.5227
2023-08-09 18:36:34,24.51,24.52,24.5183,24.5221
2023-08-09 18:36:49,24.51,24.52,24.5183,24.5208
2023-08-09 18:37:04,24.51,24.52,24.5169,24.517
2023-08-09 18:37:19,24.5,24.51,24.5136,24.5152
2023-08-09 18:37:34,24.5,24.51,24.5082,24.5122
2023-08-09 18:37:50,24.5,24.51,24.5084,24.5109
2023-08-09 18:38:05,24.51,24.52,24.5213,24.5224
2023-08-09 18:38:20,24.51,24.53,24.5188,24.5214
2023-08-09 18:38:35,24.51,24.53,24.5193,24.5194
2023-08-09 18:38:50,24.5,24.53,24.518,24.5181
2023-08-09 18:39:06,24.5,24.53,24.518,24.5181
2023-08-09 18:39:21,24.5,24.52,24.518,24.5181
2023-08-09 18:39:36,24.51,24.52,24.518,24.5181
2023-08-09 18:39:51,24.5,24.52,24.518,24.5181
2023-08-09 18:40:06,24.5,24.52,24.518,24.5181
2023-08-09 18:40:22,24.51,24.52,24.5113,24.5114
2023-08-09 18:40:37,24.5,24.52,24.5123,24.5124
2023-08-09 18:40:52,24.5,24.51,24.5087,24.5114
2023-08-09 18:41:07,24.49,24.51,24.505,24.5088
2023-08-09 18:41:22,24.5,24.51,24.5078,24.5104
2023-08-09 18:41:37,24.5,24.51,24.5034,24.505
2023-08-09 18:41:53,24.5,24.51,24.5034,24.5049
2023-08-09 18:42:08,24.5,24.51,24.5049,24.505
2023-08-09 18:42:23,24.5,24.51,24.5049,24.505
2023-08-09 18:42:38,24.5,24.51,24.507,24.5071
2023-08-09 18:42:53,24.5,24.51,24.5112,24.5123
2023-08-09 18:43:09,24.5,24.52,24.5114,24.5132
2023-08-09 18:43:24,24.5,24.51,24.5107,24.5113
2023-08-09 18:43:39,24.5,24.51,24.5113,24.5114
2023-08-09 18:43:54,24.5,24.51,24.5083,24.5084
2023-08-09 18:44:09,24.5,24.51,24.5073,24.5074
2023-08-09 18:44:25,24.5,24.51,24.5101,24.5102
2023-08-09 18:44:40,24.5,24.51,24.5093,24.5094
2023-08-09 18:44:55,24.5,24.51,24.5097,24.5131
2023-08-09 18:45:10,24.5,24.52,24.5131,24.5132
2023-08-09 18:45:25,24.49,24.51,24.5029,24.503
2023-08-09 18:45:41,24.49,24.51,24.4991,24.4992
2023-08-09 18:45:56,24.49,24.5,24.4945,24.4973
2023-08-09 18:46:11,24.48,24.49,24.494,24.4958
2023-08-09 18:46:26,24.49,24.5,24.497,24.4971
2023-08-09 18:46:41,24.49,24.5,24.4965,24.4979
2023-08-09 18:46:56,24.5,24.51,24.5037,24.5068
2023-08-09 18:47:12,24.5,24.51,24.5073,24.5107
2023-08-09 18:47:27,24.51,24.52,24.5121,24.5122
2023-08-09 18:47:42,24.51,24.52,24.5129,24.516
2023-08-09 18:47:57,24.51,24.52,24.5162,24.5163
2023-08-09 18:48:12,24.51,24.52,24.512,24.5158
2023-08-09 18:48:28,24.51,24.53,24.5221,24.5243
2023-08-09 18:48:43,24.51,24.52,24.515,24.516
2023-08-09 18:48:58,24.51,24.52,24.518,24.5181
2023-08-09 18:49:13,24.51,24.52,24.518,24.5181
2023-08-09 18:49:28,24.51,24.52,24.518,24.5181
2023-08-09 18:49:44,24.51,24.52,24.518,24.5181
2023-08-09 18:49:59,24.51,24.53,24.5235,24.5253
2023-08-09 18:50:14,24.51,24.52,24.5173,24.5203
2023-08-09 18:50:29,24.5,24.51,24.5121,24.5147
2023-08-09 18:50:44,24.5,24.51,24.5121,24.5149
2023-08-09 18:51:00,24.5,24.51,24.5121,24.5148
2023-08-09 18:51:15,24.5,24.51,24.512,24.5121
2023-08-09 18:51:30,24.49,24.51,24.5,24.5001
2023-08-09 18:51:45,24.49,24.51,24.5,24.5001
2023-08-09 18:52:00,24.49,24.51,24.5,24.5001
2023-08-09 18:52:16,24.49,24.51,24.5,24.5001
2023-08-09 18:52:31,24.48,24.51,24.4853,24.4893
2023-08-09 18:52:46,24.49,24.51,24.4943,24.4944
2023-08-09 18:53:01,24.48,24.51,24.4943,24.4944
2023-08-09 18:53:16,24.49,24.51,24.4943,24.4944
2023-08-09 18:53:31,24.48,24.5,24.4898,24.4913
2023-08-09 18:53:47,24.49,24.5,24.4898,24.4921
2023-08-09 18:54:02,24.48,24.49,24.4831,24.4843
2023-08-09 18:54:17,24.48,24.49,24.4864,24.4865
2023-08-09 18:54:32,24.49,24.5,24.4983,24.4984
2023-08-09 18:54:48,24.49,24.5,24.4965,24.4984
2023-08-09 18:55:03,24.49,24.5,24.4943,24.4971
2023-08-09 18:55:18,24.48,24.5,24.4928,24.4929
2023-08-09 18:55:33,24.49,24.5,24.4881,24.4907
2023-08-09 18:55:48,24.48,24.49,24.4885,24.491
2023-08-09 18:56:04,24.48,24.5,24.4893,24.4894
2023-08-09 18:56:19,24.47,24.48,24.4781,24.4823
2023-08-09 18:56:34,24.47,24.49,24.4762,24.4801
2023-08-09 18:56:49,24.47,24.49,24.4803,24.4804
2023-08-09 18:57:04,24.48,24.49,24.482,24.4821
2023-08-09 18:57:20,24.47,24.49,24.482,24.4821
2023-08-09 18:57:35,24.5,24.51,24.5048,24.5049
2023-08-09 18:57:50,24.5,24.51,24.5048,24.5049
2023-08-09 18:58:05,24.49,24.5,24.5003,24.5004
2023-08-09 18:58:20,24.49,24.5,24.4991,24.5025
2023-08-09 18:58:36,24.49,24.5,24.4991,24.5023
2023-08-09 18:58:51,24.49,24.5,24.4932,24.4963
2023-08-09 18:59:06,24.48,24.49,24.4865,24.4887
2023-08-09 18:59:21,24.48,24.49,24.4885,24.4886
2023-08-09 18:59:36,24.48,24.49,24.4885,24.4886
2023-08-09 18:59:51,24.47,24.49,24.4826,24.4835
2023-08-09 19:00:07,24.48,24.5,24.4937,24.4938
2023-08-09 19:00:22,24.48,24.5,24.4937,24.4938
2023-08-09 19:00:37,24.48,24.51,24.4958,24.4984
2023-08-09 19:00:52,24.48,24.51,24.4992,24.4993
2023-08-09 19:01:07,24.49,24.51,24.5066,24.5067
2023-08-09 19:01:23,24.51,24.52,24.5163,24.5184
2023-08-09 19:01:38,24.5,24.52,24.5136,24.5153
2023-08-09 19:01:53,24.5,24.52,24.505,24.5092
2023-08-09 19:02:08,24.5,24.52,24.5163,24.5164
2023-08-09 19:02:23,24.51,24.54,24.5293,24.5294
2023-08-09 19:02:39,24.51,24.54,24.5292,24.5324
2023-08-09 19:02:54,24.51,24.54,24.5378,24.5379
2023-08-09 19:03:09,24.51,24.54,24.525,24.5277
2023-08-09 19:03:24,24.51,24.54,24.5234,24.5267
2023-08-09 19:03:39,24.51,24.54,24.5257,24.5283
2023-08-09 19:03:55,24.51,24.54,24.5249,24.5275
2023-08-09 19:04:10,24.51,24.54,24.5333,24.5364
2023-08-09 19:04:25,24.51,24.54,24.534,24.535
2023-08-09 19:04:40,24.52,24.54,24.535,24.5351
2023-08-09 19:04:55,24.52,24.54,24.5333,24.5334
2023-08-09 19:05:11,24.52,24.54,24.5333,24.5334
2023-08-09 19:05:26,24.52,24.54,24.5323,24.5334
2023-08-09 19:05:41,24.52,24.54,24.53,24.5301
2023-08-09 19:05:56,24.52,24.54,24.5301,24.5319
2023-08-09 19:06:11,24.5,24.54,24.52,24.5201
2023-08-09 19:06:26,24.5,24.54,24.5252,24.5253
2023-08-09 19:06:42,24.5,24.54,24.5252,24.5253
2023-08-09 19:06:57,24.5,24.52,24.5111,24.5143
2023-08-09 19:07:12,24.5,24.52,24.5098,24.5112
2023-08-09 19:07:27,24.5,24.53,24.5164,24.5183
2023-08-09 19:07:42,24.5,24.53,24.5081,24.5082
2023-08-09 19:07:58,24.5,24.53,24.5153,24.5154
2023-08-09 19:08:13,24.49,24.51,24.5036,24.5064
2023-08-09 19:08:28,24.49,24.51,24.4975,24.4982
2023-08-09 19:08:43,24.49,24.51,24.4982,24.4983
2023-08-09 19:08:58,24.49,24.51,24.5063,24.5064
2023-08-09 19:09:14,24.51,24.53,24.5151,24.5194
2023-08-09 19:09:29,24.5,24.53,24.5139,24.514
2023-08-09 19:09:44,24.5,24.53,24.5129,24.5134
2023-08-09 19:09:59,24.5,24.53,24.5129,24.513
2023-08-09 19:10:14,24.5,24.53,24.5132,24.5133
2023-08-09 19:10:29,24.5,24.53,24.5132,24.5133
2023-08-09 19:10:45,24.5,24.53,24.5115,24.512
2023-08-09 19:11:00,24.5,24.53,24.5098,24.5112
2023-08-09 19:11:15,24.49,24.52,24.499,24.5023
2023-08-09 19:11:30,24.46,24.49,24.4674,24.4699
2023-08-09 19:11:45,24.46,24.47,24.4604,24.4605
2023-08-09 19:12:01,24.44,24.47,24.4523,24.4555
2023-08-09 19:12:16,24.43,24.46,24.4386,24.4419
2023-08-09 19:12:31,24.43,24.46,24.4515,24.4525
2023-08-09 19:12:46,24.43,24.46,24.4433,24.4445
2023-08-09 19:13:01,24.43,24.45,24.4315,24.4345
2023-08-09 19:13:17,24.43,24.45,24.4394,24.4395
2023-08-09 19:13:32,24.43,24.45,24.4399,24.44
2023-08-09 19:13:47,24.43,24.45,24.4389,24.439
2023-08-09 19:14:02,24.43,24.45,24.4402,24.4423
2023-08-09 19:14:17,24.42,24.43,24.4313,24.4314
2023-08-09 19:14:33,24.41,24.43,24.4186,24.4187
2023-08-09 19:14:48,24.42,24.44,24.4264,24.4265
2023-08-09 19:15:03,24.42,24.43,24.4254,24.4255
2023-08-09 19:15:18,24.42,24.45,24.4393,24.443
2023-08-09 19:15:33,24.42,24.43,24.4279,24.4305
2023-08-09 19:15:49,24.42,24.43,24.4245,24.4273
2023-08-09 19:16:04,24.41,24.43,24.4316,24.4325
2023-08-09 19:16:19,24.41,24.43,24.4322,24.4323
2023-08-09 19:16:34,24.41,24.43,24.4322,24.4323
2023-08-09 19:16:49,24.41,24.43,24.432,24.4323
2023-08-09 19:17:04,24.42,24.45,24.4362,24.4404
2023-08-09 19:17:20,24.43,24.46,24.4501,24.4502
2023-08-09 19:17:35,24.43,24.46,24.4463,24.4493
2023-08-09 19:17:50,24.42,24.46,24.4362,24.4393
2023-08-09 19:18:05,24.41,24.44,24.4277,24.4309
2023-08-09 19:18:20,24.43,24.45,24.4393,24.4394
2023-08-09 19:18:36,24.42,24.45,24.4343,24.4384
2023-08-09 19:18:51,24.42,24.45,24.4381,24.4402
2023-08-09 19:19:06,24.43,24.46,24.4436,24.4475
2023-08-09 19:19:21,24.43,24.46,24.4481,24.4504
2023-08-09 19:19:36,24.43,24.46,24.448,24.4481
2023-08-09 19:19:52,24.43,24.46,24.4419,24.4425
2023-08-09 19:20:07,24.43,24.46,24.4418,24.4425
2023-08-09 19:20:22,24.42,24.44,24.4311,24.4315
2023-08-09 19:20:37,24.41,24.44,24.4192,24.4235
2023-08-09 19:20:52,24.41,24.44,24.4234,24.4235
2023-08-09 19:21:08,24.41,24.44,24.4224,24.4225
2023-08-09 19:21:23,24.41,24.44,24.4193,24.4195
2023-08-09 19:21:38,24.41,24.44,24.4204,24.4205
2023-08-09 19:21:53,24.41,24.44,24.4239,24.424
2023-08-09 19:22:08,24.41,24.44,24.4294,24.4335
2023-08-09 19:22:24,24.41,24.44,24.431,24.4345
2023-08-09 19:22:39,24.41,24.43,24.4226,24.4255
2023-08-09 19:22:54,24.41,24.43,24.4197,24.4198
2023-08-09 19:23:09,24.4,24.41,24.3971,24.4015
2023-08-09 19:23:24,24.4,24.41,24.4012,24.4015
2023-08-09 19:23:40,24.4,24.41,24.4064,24.4065
2023-08-09 19:23:55,24.4,24.42,24.4133,24.4165
2023-08-09 19:24:10,24.4,24.42,24.4164,24.4195
2023-08-09 19:24:25,24.4,24.43,24.4164,24.4165
2023-08-09 19:24:40,24.4,24.43,24.4143,24.4145
2023-08-09 19:24:56,24.4,24.41,24.4003,24.404
2023-08-09 19:25:11,24.4,24.42,24.4084,24.4105
2023-08-09 19:25:26,24.4,24.41,24.4173,24.4174
2023-08-09 19:25:41,24.4,24.42,24.4144,24.4145
2023-08-09 19:25:56,24.4,24.42,24.4222,24.4235
2023-08-09 19:26:12,24.41,24.43,24.4293,24.4295
2023-08-09 19:26:27,24.41,24.43,24.4299,24.43
2023-08-09 19:26:42,24.43,24.44,24.4378,24.4379
2023-08-09 19:26:57,24.42,24.44,24.435,24.4383
2023-08-09 19:27:12,24.42,24.45,24.4399,24.44
2023-08-09 19:27:28,24.44,24.45,24.4499,24.45
2023-08-09 19:27:43,24.44,24.46,24.4613,24.4614
2023-08-09 19:27:58,24.45,24.47,24.4682,24.4683
2023-08-09 19:28:13,24.45,24.48,24.4632,24.4675
2023-08-09 19:28:28,24.43,24.46,24.4423,24.4454
2023-08-09 19:28:44,24.43,24.46,24.4426,24.4452
2023-08-09 19:28:59,24.41,24.44,24.4231,24.4261
2023-08-09 19:29:14,24.41,24.44,24.4244,24.4269
2023-08-09 19:29:29,24.41,24.44,24.4265,24.43
2023-08-09 19:29:44,24.41,24.44,24.4245,24.4251
2023-08-09 19:29:59,24.41,24.44,24.4253,24.4282
2023-08-09 19:30:15,24.43,24.45,24.4372,24.4415
2023-08-09 19:30:30,24.41,24.43,24.4245,24.4271
2023-08-09 19:30:45,24.41,24.43,24.4142,24.4184
2023-08-09 19:31:00,24.41,24.43,24.4272,24.4313
2023-08-09 19:31:15,24.41,24.43,24.4253,24.4272
2023-08-09 19:31:30,24.41,24.43,24.4203,24.4242
2023-08-09 19:31:46,24.41,24.43,24.4228,24.4245
2023-08-09 19:32:01,24.41,24.43,24.4272,24.4284
2023-08-09 19:32:16,24.41,24.44,24.4332,24.4374
2023-08-09 19:32:31,24.41,24.44,24.4348,24.4374
2023-08-09 19:32:47,24.4,24.42,24.4121,24.4122
2023-08-09 19:33:02,24.4,24.41,24.4054,24.4065
2023-08-09 19:33:17,24.38,24.41,24.4,24.4001
2023-08-09 19:33:32,24.38,24.4,24.3891,24.3935
2023-08-09 19:33:47,24.38,24.41,24.3962,24.3999
2023-08-09 19:34:03,24.38,24.41,24.403,24.4061
2023-08-09 19:34:18,24.38,24.41,24.4036,24.4073
2023-08-09 19:34:33,24.38,24.41,24.403,24.4054
2023-08-09 19:34:48,24.38,24.41,24.4047,24.4073
2023-08-09 19:35:03,24.38,24.41,24.403,24.4065
2023-08-09 19:35:18,24.38,24.41,24.3921,24.3932
2023-08-09 19:35:34,24.37,24.39,24.3841,24.3842
2023-08-09 19:35:49,24.37,24.39,24.3852,24.3853
2023-08-09 19:36:04,24.36,24.39,24.3831,24.3832
2023-08-09 19:36:19,24.36,24.39,24.3841,24.3852
2023-08-09 19:36:35,24.36,24.39,24.38,24.3801
2023-08-09 19:36:50,24.36,24.39,24.3732,24.3769
2023-08-09 19:37:05,24.36,24.39,24.3864,24.3879
2023-08-09 19:37:20,24.37,24.39,24.3879,24.388
2023-08-09 19:37:35,24.37,24.4,24.3953,24.3954
2023-08-09 19:37:51,24.37,24.4,24.3957,24.3958
2023-08-09 19:38:06,24.37,24.4,24.3941,24.3958
2023-08-09 19:38:21,24.37,24.4,24.3787,24.381
2023-08-09 19:38:36,24.36,24.38,24.371,24.3722
2023-08-09 19:38:51,24.35,24.37,24.3613,24.3629
2023-08-09 19:39:07,24.34,24.37,24.3531,24.3566
2023-08-09 19:39:22,24.33,24.36,24.35,24.3502
2023-08-09 19:39:37,24.33,24.36,24.3491,24.3513
2023-08-09 19:39:52,24.33,24.36,24.3461,24.3504
2023-08-09 19:40:07,24.34,24.37,24.3552,24.3583
2023-08-09 19:40:23,24.34,24.37,24.3542,24.3583
2023-08-09 19:40:38,24.34,24.37,24.3553,24.3579
2023-08-09 19:40:53,24.33,24.36,24.3472,24.3508
2023-08-09 19:41:08,24.33,24.36,24.3483,24.35
2023-08-09 19:41:23,24.31,24.34,24.3251,24.3295
2023-08-09 19:41:39,24.33,24.35,24.3391,24.3427
2023-08-09 19:41:54,24.32,24.35,24.3435,24.3474
2023-08-09 19:42:09,24.32,24.35,24.3402,24.3445
2023-08-09 19:42:24,24.32,24.35,24.3375,24.34
2023-08-09 19:42:39,24.32,24.35,24.3453,24.3481
2023-08-09 19:42:55,24.32,24.35,24.345,24.3475
2023-08-09 19:43:10,24.35,24.36,24.3552,24.3553
2023-08-09 19:43:25,24.35,24.36,24.3554,24.3581
2023-08-09 19:43:40,24.35,24.37,24.3582,24.3583
2023-08-09 19:43:55,24.35,24.37,24.3582,24.3583
2023-08-09 19:44:11,24.34,24.36,24.3472,24.3513
2023-08-09 19:44:26,24.34,24.36,24.3511,24.3543
2023-08-09 19:44:41,24.34,24.36,24.3472,24.3473
2023-08-09 19:44:56,24.33,24.35,24.3472,24.3473
2023-08-09 19:45:11,24.32,24.35,24.3384,24.3405
2023-08-09 19:45:27,24.31,24.34,24.328,24.3281
2023-08-09 19:45:42,24.31,24.34,24.3211,24.3222
2023-08-09 19:45:57,24.31,24.34,24.3263,24.3264
2023-08-09 19:46:12,24.3,24.34,24.3222,24.3244
2023-08-09 19:46:27,24.3,24.32,24.3122,24.3142
2023-08-09 19:46:43,24.3,24.32,24.3071,24.3102
2023-08-09 19:46:58,24.29,24.3,24.2915,24.2955
2023-08-09 19:47:13,24.27,24.29,24.2733,24.2757
2023-08-09 19:47:28,24.27,24.29,24.2875,24.2896
2023-08-09 19:47:43,24.26,24.29,24.2792,24.2835
2023-08-09 19:47:59,24.26,24.28,24.2783,24.2826
2023-08-09 19:48:14,24.27,24.29,24.2842,24.2885
2023-08-09 19:48:29,24.28,24.3,24.3006,24.3007
2023-08-09 19:48:44,24.28,24.3,24.3022,24.3062
2023-08-09 19:48:59,24.27,24.29,24.2874,24.2916
2023-08-09 19:49:15,24.27,24.3,24.2944,24.2945
2023-08-09 19:49:30,24.28,24.3,24.2994,24.2995
2023-08-09 19:49:45,24.29,24.3,24.2976,24.3015
2023-08-09 19:50:00,24.29,24.31,24.3049,24.305
2023-08-09 19:50:15,24.29,24.32,24.3103,24.3142
2023-08-09 19:50:31,24.29,24.32,24.3111,24.3131
2023-08-09 19:50:46,24.27,24.31,24.2932,24.2956
2023-08-09 19:51:01,24.27,24.29,24.2863,24.2904
2023-08-09 19:51:16,24.27,24.29,24.2845,24.2876
2023-08-09 19:51:31,24.25,24.27,24.2724,24.2725
2023-08-09 19:51:47,24.26,24.29,24.2774,24.2815
2023-08-09 19:52:02,24.26,24.29,24.2834,24.2835
2023-08-09 19:52:17,24.27,24.3,24.2911,24.2935
2023-08-09 19:52:32,24.26,24.29,24.2865,24.2886
2023-08-09 19:52:47,24.27,24.3,24.2981,24.3005
2023-08-09 19:53:03,24.28,24.3,24.3038,24.3075
2023-08-09 19:53:18,24.28,24.31,24.3074,24.3095
2023-08-09 19:53:33,24.27,24.29,24.2881,24.2923
2023-08-09 19:53:48,24.27,24.3,24.2962,24.2986
2023-08-09 19:54:03,24.27,24.3,24.2984,24.2985
2023-08-09 19:54:19,24.27,24.3,24.2891,24.2919
2023-08-09 19:54:34,24.25,24.29,24.2724,24.2753
2023-08-09 19:54:49,24.25,24.27,24.2693,24.2732
2023-08-09 19:55:04,24.25,24.27,24.2671,24.2672
2023-08-09 19:55:19,24.25,24.27,24.2652,24.2653
2023-08-09 19:55:34,24.23,24.24,24.25,24.2501
2023-08-09 19:55:50,24.22,24.25,24.2505,24.2506
2023-08-09 19:56:05,24.22,24.25,24.2433,24.2436
2023-08-09 19:56:20,24.21,24.25,24.2404,24.2446
2023-08-09 19:56:35,24.21,24.24,24.2401,24.2403
2023-08-09 19:56:50,24.23,24.25,24.2505,24.2506
2023-08-09 19:57:06,24.24,24.26,24.2573,24.2603
2023-08-09 19:57:21,24.24,24.26,24.2605,24.2606
2023-08-09 19:57:36,24.23,24.26,24.2472,24.2514
2023-08-09 19:57:51,24.22,24.25,24.2412,24.2413
2023-08-09 19:58:07,24.23,24.26,24.2545,24.2546
2023-08-09 19:58:22,24.24,24.26,24.2639,24.264
2023-08-09 19:58:37,24.25,24.27,24.2732,24.2733
2023-08-09 19:58:52,24.27,24.29,24.2865,24.2876
2023-08-09 19:59:08,24.27,24.29,24.2903,24.2904
2023-08-09 19:59:23,24.27,24.3,24.2935,24.2936
2023-08-09 19:59:38,24.28,24.3,24.2962,24.3005
2023-08-09 19:59:53,24.26,24.28,24.2805,24.2806
2023-08-09 20:00:08,24.27,24.3,24.2934,24.2973
2023-08-09 20:00:24,24.26,24.29,24.283,24.2831
2023-08-09 20:00:39,24.25,24.27,24.2613,24.2652
2023-08-09 20:00:54,24.27,24.29,24.2814,24.2815
2023-08-09 20:01:09,24.29,24.3,24.2927,24.2965
2023-08-09 20:01:24,24.28,24.31,24.3092,24.3105
2023-08-09 20:01:40,24.29,24.31,24.3072,24.311
2023-08-09 20:01:55,24.3,24.32,24.3178,24.3204
2023-08-09 20:02:10,24.31,24.32,24.3254,24.3262
2023-08-09 20:02:25,24.31,24.33,24.3299,24.33
2023-08-09 20:02:40,24.31,24.33,24.3298,24.33
2023-08-09 20:02:55,24.32,24.34,24.3412,24.3455
2023-08-09 20:03:11,24.31,24.34,24.3354,24.3355
2023-08-09 20:03:26,24.3,24.32,24.3209,24.3241
2023-08-09 20:03:41,24.3,24.32,24.3222,24.3263
2023-08-09 20:03:56,24.3,24.32,24.3151,24.3152
2023-08-09 20:04:11,24.28,24.3,24.2961,24.2989
2023-08-09 20:04:27,24.25,24.28,24.2752,24.2796
2023-08-09 20:04:42,24.25,24.29,24.2746,24.2747
2023-08-09 20:04:57,24.25,24.29,24.2746,24.2756
2023-08-09 20:05:12,24.26,24.29,24.2852,24.2895
2023-08-09 20:05:27,24.25,24.29,24.2748,24.2776
2023-08-09 20:05:43,24.25,24.27,24.2639,24.264
2023-08-09 20:05:58,24.23,24.24,24.24,24.2403
2023-08-09 20:06:13,24.22,24.25,24.2499,24.2534
2023-08-09 20:06:28,24.23,24.26,24.2514,24.2515
2023-08-09 20:06:43,24.23,24.26,24.2499,24.2516
2023-08-09 20:06:59,24.23,24.26,24.2515,24.2524
2023-08-09 20:07:14,24.23,24.26,24.2422,24.2466
2023-08-09 20:07:29,24.24,24.26,24.2588,24.2611
2023-08-09 20:07:44,24.26,24.27,24.2743,24.2744
2023-08-09 20:07:59,24.26,24.28,24.2785,24.2786
2023-08-09 20:08:14,24.26,24.29,24.2752,24.2793
2023-08-09 20:08:30,24.26,24.29,24.2854,24.2855
2023-08-09 20:08:45,24.28,24.3,24.2991,24.3024
2023-08-09 20:09:00,24.28,24.3,24.3026,24.3027
2023-08-09 20:09:15,24.29,24.31,24.3101,24.3127
2023-08-09 20:09:30,24.29,24.31,24.3091,24.3123
2023-08-09 20:09:46,24.29,24.31,24.3126,24.3127
2023-08-09 20:10:01,24.28,24.31,24.3082,24.3096
2023-08-09 20:10:16,24.28,24.31,24.2972,24.3015
2023-08-09 20:10:31,24.28,24.31,24.3041,24.3042
2023-08-09 20:10:46,24.28,24.31,24.3041,24.3042
2023-08-09 20:11:02,24.28,24.31,24.3063,24.3103
2023-08-09 20:11:17,24.28,24.31,24.3086,24.3115
2023-08-09 20:11:32,24.28,24.31,24.3043,24.3068
2023-08-09 20:11:47,24.28,24.31,24.3043,24.3044
2023-08-09 20:12:02,24.27,24.3,24.2999,24.3004
2023-08-09 20:12:17,24.29,24.31,24.3055,24.3085
2023-08-09 20:12:33,24.29,24.31,24.3071,24.3094
2023-08-09 20:12:48,24.29,24.32,24.314,24.3155
2023-08-09 20:13:03,24.29,24.32,24.3143,24.3164
2023-08-09 20:13:18,24.29,24.32,24.3171,24.3172
2023-08-09 20:13:33,24.3,24.32,24.3204,24.3205
2023-08-09 20:13:49,24.31,24.33,24.3294,24.3335
2023-08-09 20:14:04,24.31,24.33,24.3261,24.3295
2023-08-09 20:14:19,24.31,24.33,24.3294,24.3329
2023-08-09 20:14:34,24.31,24.33,24.3291,24.3309
2023-08-09 20:14:49,24.31,24.33,24.3271,24.3295
2023-08-09 20:15:05,24.3,24.32,24.3222,24.3223
2023-08-09 20:15:20,24.3,24.33,24.3211,24.3233
2023-08-09 20:15:35,24.3,24.33,24.3191,24.3232
2023-08-09 20:15:50,24.3,24.33,24.3191,24.3214
2023-08-09 20:16:06,24.31,24.33,24.3182,24.3224
2023-08-09 20:16:21,24.31,24.33,24.3291,24.3321
2023-08-09 20:16:36,24.31,24.33,24.3265,24.3266
2023-08-09 20:16:51,24.31,24.33,24.3296,24.3297
2023-08-09 20:17:06,24.32,24.34,24.3301,24.3345
2023-08-09 20:17:21,24.32,24.33,24.3345,24.3349
2023-08-09 20:17:37,24.32,24.33,24.3345,24.335
2023-08-09 20:17:52,24.31,24.33,24.3345,24.335
2023-08-09 20:18:07,24.31,24.33,24.3345,24.335
2023-08-09 20:18:22,24.32,24.33,24.3345,24.3348
2023-08-09 20:18:37,24.31,24.33,24.3285,24.3315
2023-08-09 20:18:53,24.31,24.33,24.3336,24.3345
2023-08-09 20:19:08,24.31,24.33,24.3339,24.334
2023-08-09 20:19:23,24.31,24.33,24.3331,24.3332
2023-08-09 20:19:38,24.31,24.33,24.3338,24.3339
2023-08-09 20:19:53,24.31,24.33,24.3351,24.336
2023-08-09 20:20:09,24.32,24.34,24.3411,24.3412
2023-08-09 20:20:24,24.32,24.34,24.3383,24.3412
2023-08-09 20:20:39,24.31,24.34,24.3391,24.3393
2023-08-09 20:20:54,24.31,24.34,24.3351,24.3391
2023-08-09 20:21:09,24.32,24.33,24.3324,24.3352
2023-08-09 20:21:25,24.32,24.33,24.3322,24.3343
2023-08-09 20:21:40,24.31,24.33,24.3322,24.3343
2023-08-09 20:21:55,24.31,24.33,24.3322,24.3323
2023-08-09 20:22:10,24.31,24.33,24.3361,24.337
2023-08-09 20:22:25,24.32,24.34,24.3383,24.3384
2023-08-09 20:22:41,24.32,24.34,24.3439,24.344
2023-08-09 20:22:56,24.32,24.34,24.3439,24.344
2023-08-09 20:23:11,24.32,24.35,24.3463,24.349
2023-08-09 20:23:26,24.32,24.35,24.3481,24.3492
2023-08-09 20:23:41,24.32,24.35,24.3481,24.3493
2023-08-09 20:23:56,24.32,24.34,24.3451,24.3452
2023-08-09 20:24:12,24.32,24.34,24.3451,24.3452
2023-08-09 20:24:27,24.32,24.34,24.3391,24.3424
2023-08-09 20:24:42,24.33,24.35,24.3499,24.35
2023-08-09 20:24:57,24.32,24.35,24.3499,24.35
2023-08-09 20:25:12,24.33,24.35,24.3499,24.35
2023-08-09 20:25:28,24.32,24.34,24.35,24.3501
2023-08-09 20:25:43,24.32,24.35,24.3442,24.3474
2023-08-09 20:25:58,24.32,24.35,24.3431,24.3443
2023-08-09 20:26:13,24.3,24.32,24.3256,24.3257
2023-08-09 20:26:28,24.3,24.32,24.3291,24.3292
2023-08-09 20:26:44,24.3,24.32,24.3261,24.3262
2023-08-09 20:26:59,24.3,24.32,24.3161,24.3172
2023-08-09 20:27:14,24.3,24.31,24.3177,24.318
2023-08-09 20:27:29,24.3,24.31,24.3141,24.3142
2023-08-09 20:27:44,24.3,24.31,24.3151,24.3179
2023-08-09 20:28:00,24.3,24.31,24.3172,24.3182
2023-08-09 20:28:15,24.29,24.31,24.3091,24.3133
2023-08-09 20:28:30,24.28,24.31,24.3145,24.3172
2023-08-09 20:28:45,24.28,24.31,24.3145,24.3172
2023-08-09 20:29:00,24.29,24.32,24.3192,24.3227
2023-08-09 20:29:15,24.3,24.32,24.3273,24.3314
2023-08-09 20:29:31,24.31,24.32,24.3333,24.3372
2023-08-09 20:29:46,24.31,24.33,24.3331,24.3332
2023-08-09 20:30:01,24.31,24.33,24.3351,24.3352
2023-08-09 20:30:16,24.31,24.34,24.3411,24.3412
2023-08-09 20:30:31,24.31,24.34,24.3411,24.3412
2023-08-09 20:30:47,24.31,24.34,24.3341,24.3369
2023-08-09 20:31:02,24.31,24.33,24.3332,24.3336
2023-08-09 20:31:17,24.31,24.33,24.3332,24.3336
2023-08-09 20:31:32,24.31,24.34,24.3391,24.3418
2023-08-09 20:31:47,24.31,24.34,24.3379,24.3413
2023-08-09 20:32:03,24.31,24.34,24.3335,24.337
2023-08-09 20:32:18,24.3,24.33,24.3233,24.3271
2023-08-09 20:32:33,24.3,24.33,24.3234,24.3253
2023-08-09 20:32:48,24.28,24.3,24.3041,24.3083
2023-08-09 20:33:03,24.29,24.32,24.3193,24.3233
2023-08-09 20:33:19,24.29,24.32,24.3194,24.3223
2023-08-09 20:33:34,24.31,24.33,24.3374,24.3375
2023-08-09 20:33:49,24.31,24.33,24.3374,24.3375
2023-08-09 20:34:04,24.31,24.33,24.3321,24.3322
2023-08-09 20:34:19,24.31,24.33,24.3274,24.3275
2023-08-09 20:34:35,24.3,24.33,24.3247,24.3248
2023-08-09 20:34:50,24.31,24.33,24.338,24.3403
2023-08-09 20:35:05,24.31,24.33,24.3377,24.3398
2023-08-09 20:35:20,24.31,24.33,24.3377,24.3401
2023-08-09 20:35:35,24.31,24.33,24.3341,24.3353
2023-08-09 20:35:51,24.31,24.33,24.3339,24.3372
2023-08-09 20:36:06,24.31,24.33,24.3321,24.3322
2023-08-09 20:36:21,24.31,24.33,24.3255,24.3272
2023-08-09 20:36:36,24.31,24.33,24.3318,24.3319
2023-08-09 20:36:51,24.3,24.33,24.3256,24.3257
2023-08-09 20:37:07,24.3,24.33,24.3247,24.3248
2023-08-09 20:37:22,24.3,24.33,24.3234,24.3248
2023-08-09 20:37:37,24.3,24.33,24.3247,24.3248
2023-08-09 20:37:52,24.29,24.31,24.3186,24.3187
2023-08-09 20:38:07,24.28,24.31,24.3186,24.3187
2023-08-09 20:38:23,24.29,24.32,24.3186,24.3187
2023-08-09 20:38:38,24.29,24.32,24.3186,24.3187
2023-08-09 20:38:53,24.29,24.32,24.3206,24.3211
2023-08-09 20:39:08,24.29,24.32,24.3194,24.3211
2023-08-09 20:39:23,24.3,24.33,24.3304,24.3305
2023-08-09 20:39:39,24.3,24.33,24.3294,24.3295
2023-08-09 20:39:54,24.3,24.33,24.3304,24.3305
2023-08-09 20:40:09,24.31,24.34,24.3384,24.3385
2023-08-09 20:40:24,24.3,24.34,24.3309,24.3344
2023-08-09 20:40:40,24.3,24.34,24.3304,24.3325
2023-08-09 20:40:55,24.3,24.34,24.3282,24.3324
2023-08-09 20:41:10,24.3,24.34,24.3282,24.3314
2023-08-09 20:41:25,24.3,24.33,24.3293,24.3325
2023-08-09 20:41:40,24.3,24.32,24.3186,24.3195
2023-08-09 20:41:56,24.3,24.32,24.3192,24.3196
2023-08-09 20:42:11,24.3,24.33,24.3324,24.3325
2023-08-09 20:42:26,24.31,24.33,24.3384,24.3385
2023-08-09 20:42:41,24.31,24.34,24.3384,24.3385
2023-08-09 20:42:56,24.31,24.34,24.3402,24.3403
2023-08-09 20:43:12,24.31,24.34,24.3402,24.3403
2023-08-09 20:43:27,24.31,24.34,24.3402,24.3403
2023-08-09 20:43:42,24.31,24.34,24.3402,24.3403
2023-08-09 20:43:57,24.32,24.34,24.3449,24.345
2023-08-09 20:44:12,24.32,24.34,24.3449,24.345
2023-08-09 20:44:28,24.33,24.35,24.3564,24.3565
2023-08-09 20:44:43,24.33,24.35,24.3515,24.3516
2023-08-09 20:44:58,24.33,24.35,24.3515,24.3516
2023-08-09 20:45:13,24.31,24.34,24.3411,24.3444
2023-08-09 20:45:29,24.3,24.33,24.338,24.3381
2023-08-09 20:45:44,24.3,24.33,24.3302,24.3325
2023-08-09 20:45:59,24.3,24.33,24.3301,24.3302
2023-08-09 20:46:14,24.3,24.33,24.3271,24.3272
2023-08-09 20:46:29,24.3,24.33,24.3241,24.3261
2023-08-09 20:46:45,24.3,24.33,24.3241,24.3262
2023-08-09 20:47:00,24.3,24.33,24.3284,24.3298
2023-08-09 20:47:15,24.3,24.33,24.3285,24.3298
2023-08-09 20:47:30,24.31,24.33,24.3331,24.3355
2023-08-09 20:47:45,24.31,24.34,24.3388,24.3425
2023-08-09 20:48:01,24.31,24.34,24.34,24.3424
2023-08-09 20:48:16,24.32,24.35,24.3432,24.3475
2023-08-09 20:48:31,24.32,24.35,24.3486,24.3494
2023-08-09 20:48:46,24.33,24.35,24.3552,24.3595
2023-08-09 20:49:02,24.34,24.35,24.3586,24.3613
2023-08-09 20:49:17,24.33,24.35,24.3589,24.359
2023-08-09 20:49:32,24.34,24.36,24.3589,24.359
2023-08-09 20:49:47,24.34,24.37,24.3731,24.3734
2023-08-09 20:50:02,24.34,24.37,24.3705,24.3706
2023-08-09 20:50:18,24.35,24.38,24.376,24.3795
2023-08-09 20:50:33,24.35,24.37,24.3731,24.3756
2023-08-09 20:50:48,24.35,24.37,24.3741,24.3772
2023-08-09 20:51:03,24.35,24.37,24.3734,24.3735
2023-08-09 20:51:18,24.35,24.37,24.3718,24.3719
2023-08-09 20:51:34,24.35,24.37,24.3718,24.3719
2023-08-09 20:51:49,24.35,24.37,24.3718,24.3719
2023-08-09 20:52:04,24.35,24.38,24.3799,24.38
2023-08-09 20:52:19,24.35,24.37,24.3799,24.38
2023-08-09 20:52:34,24.35,24.37,24.3718,24.3751
2023-08-09 20:52:50,24.35,24.37,24.3799,24.38
2023-08-09 20:53:05,24.35,24.37,24.3761,24.3804
2023-08-09 20:53:20,24.35,24.37,24.373,24.3731
2023-08-09 20:53:35,24.33,24.35,24.3718,24.3719
2023-08-09 20:53:50,24.33,24.36,24.3612,24.364
2023-08-09 20:54:06,24.33,24.36,24.3531,24.3571
2023-08-09 20:54:21,24.33,24.35,24.3511,24.3551
2023-08-09 20:54:36,24.33,24.36,24.3555,24.3595
2023-08-09 20:54:51,24.33,24.36,24.3568,24.3594
2023-08-09 20:55:06,24.33,24.36,24.3596,24.3611
2023-08-09 20:55:22,24.33,24.36,24.3596,24.3611
2023-08-09 20:55:37,24.33,24.35,24.3502,24.354
2023-08-09 20:55:52,24.33,24.35,24.3502,24.354
2023-08-09 20:56:07,24.33,24.35,24.352,24.3542
2023-08-09 20:56:23,24.34,24.36,24.3624,24.3625
2023-08-09 20:56:38,24.34,24.36,24.3634,24.3655
2023-08-09 20:56:53,24.34,24.36,24.3625,24.3626
2023-08-09 20:57:08,24.34,24.36,24.3569,24.36
2023-08-09 20:57:23,24.33,24.36,24.3502,24.3504
2023-08-09 20:57:39,24.33,24.36,24.3502,24.3504
2023-08-09 20:57:54,24.33,24.35,24.3502,24.3503
2023-08-09 20:58:09,24.33,24.35,24.3504,24.3505
2023-08-09 20:58:24,24.33,24.35,24.3534,24.3535
2023-08-09 20:58:39,24.33,24.35,24.3534,24.3535
2023-08-09 20:58:55,24.33,24.35,24.3524,24.3545
2023-08-09 20:59:10,24.33,24.35,24.3535,24.3554
2023-08-09 20:59:25,24.33,24.35,24.3552,24.3553
2023-08-09 20:59:40,24.35,24.36,24.3654,24.3695
2023-08-09 20:59:55,24.35,24.37,24.3701,24.374
2023-08-09 21:00:11,24.35,24.37,24.3778,24.3779
2023-08-09 21:00:26,24.35,24.37,24.3785,24.3786
2023-08-09 21:00:41,24.35,24.37,24.3714,24.3715
2023-08-09 21:00:56,24.33,24.36,24.36,24.3601
2023-08-09 21:01:12,24.33,24.36,24.3533,24.3534
2023-08-09 21:01:27,24.32,24.33,24.35,24.3501
2023-08-09 21:01:42,24.32,24.33,24.3422,24.3454
2023-08-09 21:01:57,24.32,24.33,24.34,24.3401
2023-08-09 21:02:12,24.32,24.34,24.3443,24.3444
2023-08-09 21:02:27,24.32,24.34,24.3426,24.344
2023-08-09 21:02:43,24.32,24.34,24.3426,24.3427
2023-08-09 21:02:58,24.3,24.33,24.3267,24.3295
2023-08-09 21:03:13,24.32,24.33,24.3404,24.3405
2023-08-09 21:03:28,24.31,24.33,24.3365,24.3366
2023-08-09 21:03:44,24.31,24.33,24.3321,24.3342
2023-08-09 21:03:59,24.3,24.31,24.3143,24.3184
2023-08-09 21:04:14,24.3,24.31,24.3134,24.3135
2023-08-09 21:04:29,24.3,24.32,24.3102,24.3134
2023-08-09 21:04:44,24.3,24.32,24.3154,24.3155
2023-08-09 21:05:00,24.3,24.32,24.3214,24.3215
2023-08-09 21:05:15,24.3,24.33,24.3241,24.3242
2023-08-09 21:05:30,24.3,24.33,24.3264,24.3265
2023-08-09 21:05:45,24.3,24.33,24.3254,24.3255
2023-08-09 21:06:00,24.3,24.33,24.3294,24.3295
2023-08-09 21:06:16,24.32,24.34,24.3364,24.3365
2023-08-09 21:06:31,24.32,24.34,24.3363,24.3364
2023-08-09 21:06:46,24.32,24.34,24.3368,24.3369
2023-08-09 21:07:01,24.32,24.34,24.3394,24.3395
2023-08-09 21:07:16,24.32,24.35,24.3499,24.35
2023-08-09 21:07:32,24.32,24.35,24.3499,24.35
2023-08-09 21:07:47,24.32,24.35,24.3473,24.35
2023-08-09 21:08:02,24.33,24.35,24.3499,24.35
2023-08-09 21:08:17,24.32,24.35,24.3499,24.35
2023-08-09 21:08:32,24.32,24.34,24.3311,24.334
2023-08-09 21:08:48,24.32,24.34,24.331,24.3334
2023-08-09 21:09:03,24.32,24.34,24.3333,24.3334
2023-08-09 21:09:18,24.32,24.34,24.3424,24.3425
2023-08-09 21:09:33,24.32,24.34,24.3424,24.3445
2023-08-09 21:09:48,24.32,24.35,24.3455,24.3465
2023-08-09 21:10:04,24.32,24.35,24.3483,24.3484
2023-08-09 21:10:19,24.32,24.33,24.3361,24.339
2023-08-09 21:10:34,24.32,24.33,24.3361,24.3382
2023-08-09 21:10:49,24.32,24.33,24.3355,24.3378
2023-08-09 21:11:04,24.23,24.25,24.25,24.2503
2023-08-09 21:11:20,24.22,24.24,24.2522,24.2524
2023-08-09 21:11:35,24.22,24.26,24.2482,24.2526
2023-08-09 21:11:50,24.2,24.23,24.2401,24.2406
2023-08-09 21:12:05,24.2,24.22,24.24,24.2401
2023-08-09 21:12:21,24.14,24.17,24.1533,24.1556
2023-08-09 21:12:36,24.13,24.16,24.1522,24.1566
2023-08-09 21:12:51,24.1,24.12,24.1112,24.1164
2023-08-09 21:13:06,24.11,24.13,24.1182,24.1201
2023-08-09 21:13:21,24.12,24.15,24.1392,24.1427
2023-08-09 21:13:37,24.09,24.12,24.1082,24.1126
2023-08-09 21:13:52,24.11,24.14,24.1172,24.1214
2023-08-09 21:14:07,24.12,24.16,24.1455,24.1485
2023-08-09 21:14:22,24.15,24.17,24.1622,24.1666
2023-08-09 21:14:38,24.17,24.19,24.1775,24.1816
2023-08-09 21:14:53,24.17,24.19,24.1832,24.1871
2023-08-09 21:15:08,24.18,24.19,24.1915,24.1956
2023-08-09 21:15:23,24.18,24.2,24.1923,24.1966
2023-08-09 21:15:38,24.15,24.18,24.1723,24.1749
2023-08-09 21:15:54,24.16,24.19,24.1843,24.1879
2023-08-09 21:16:09,24.16,24.18,24.1802,24.1837
2023-08-09 21:16:24,24.17,24.21,24.2024,24.2066
2023-08-09 21:16:39,24.18,24.2,24.2054,24.2074
2023-08-09 21:16:54,24.19,24.2,24.2112,24.2156
2023-08-09 21:17:09,24.2,24.22,24.225,24.2276
2023-08-09 21:17:25,24.22,24.23,24.2372,24.2412
2023-08-09 21:17:40,24.22,24.24,24.2403,24.2404
2023-08-09 21:17:55,24.23,24.25,24.2594,24.2595
2023-08-09 21:18:10,24.24,24.25,24.2655,24.2684
2023-08-09 21:18:25,24.23,24.25,24.2525,24.2526
2023-08-09 21:18:41,24.23,24.25,24.2555,24.257
2023-08-09 21:18:56,24.24,24.26,24.2569,24.257
2023-08-09 21:19:11,24.24,24.25,24.2569,24.257
2023-08-09 21:19:26,24.24,24.25,24.2569,24.257
2023-08-09 21:19:42,24.24,24.26,24.2619,24.2655
2023-08-09 21:19:57,24.26,24.27,24.2763,24.2786
2023-08-09 21:20:12,24.28,24.29,24.287,24.2871
2023-08-09 21:20:27,24.27,24.3,24.2915,24.2916
2023-08-09 21:20:42,24.26,24.28,24.2794,24.2833
2023-08-09 21:20:57,24.27,24.29,24.2856,24.2865
2023-08-09 21:21:13,24.27,24.29,24.2856,24.2865
2023-08-09 21:21:28,24.26,24.28,24.2734,24.2752
2023-08-09 21:21:43,24.26,24.28,24.2704,24.2732
2023-08-09 21:21:58,24.24,24.25,24.2532,24.2573
2023-08-09 21:22:13,24.25,24.27,24.2645,24.266
2023-08-09 21:22:29,24.25,24.27,24.2672,24.2673
2023-08-09 21:22:44,24.26,24.28,24.2712,24.2744
2023-08-09 21:22:59,24.27,24.3,24.2873,24.2911
2023-08-09 21:23:14,24.26,24.3,24.2725,24.2765
2023-08-09 21:23:29,24.23,24.25,24.2483,24.2512
2023-08-09 21:23:45,24.22,24.24,24.235,24.2362
2023-08-09 21:24:00,24.22,24.25,24.2453,24.2487
2023-08-09 21:24:15,24.23,24.26,24.2505,24.2538
2023-08-09 21:24:30,24.22,24.25,24.2394,24.2432
2023-08-09 21:24:46,24.21,24.23,24.2235,24.2255
2023-08-09 21:25:01,24.22,24.23,24.2345,24.2346
2023-08-09 21:25:16,24.22,24.23,24.2238,24.2256
2023-08-09 21:25:31,24.21,24.23,24.2278,24.2279
2023-08-09 21:25:46,24.22,24.24,24.2335,24.2336
2023-08-09 21:26:02,24.22,24.24,24.2344,24.2345
2023-08-09 21:26:17,24.23,24.24,24.2426,24.2465
2023-08-09 21:26:32,24.24,24.25,24.2475,24.2516
2023-08-09 21:26:47,24.25,24.26,24.2607,24.2608
2023-08-09 21:27:02,24.25,24.26,24.2562,24.2594
2023-08-09 21:27:18,24.24,24.26,24.2559,24.2574
2023-08-09 21:27:33,24.24,24.26,24.2584,24.2618
2023-08-09 21:27:48,24.24,24.27,24.2618,24.2619
